<DATE>;<TIME>;<LAST>;<VOL>;<ID>;<OPER>
20240209;095935;57.005000000;100;9581444824;S
20240209;095935;57.005000000;100;9581444825;S
20240209;095935;57.005000000;1500;9581444826;S
20240209;095935;57.005000000;100;9581444827;S
20240209;095935;57.005000000;500;9581444828;B
20240209;095935;57.005000000;200;9581444829;S
20240209;095935;57.005000000;200;9581444830;S
20240209;095935;57.005000000;300;9581444831;S
20240209;095935;57.005000000;100;9581444832;S
20240209;095935;57.005000000;400;9581444833;S
20240209;095935;57.005000000;1000;9581444834;S
20240209;095935;57.005000000;100;9581444835;S
20240209;095935;57.005000000;100;9581444836;S
20240209;095935;57.005000000;100;9581444837;S
20240209;095935;57.005000000;100;9581444838;S
20240209;095935;57.005000000;300;9581444839;S
20240209;095935;57.005000000;400;9581444840;B
20240209;095935;57.005000000;200;9581444841;B
20240209;095935;57.005000000;100;9581444842;S
20240209;095935;57.005000000;400;9581444843;S
20240209;095935;57.005000000;500;9581444844;B
20240209;095935;57.005000000;500;9581444845;B
20240209;095935;57.005000000;100;9581444846;B
20240209;095935;57.005000000;500;9581444847;B
20240209;100000;57.005000000;3400;9581450531;B
20240209;100000;57.005000000;500;9581450532;B
20240209;100000;57.005000000;200;9581450533;B
20240209;100000;57.050000000;100;9581451156;B
20240209;100000;57.065000000;1000;9581451263;B
20240209;100000;57.065000000;2000;9581451275;B
20240209;100000;57.085000000;1000;9581451304;B
20240209;100002;57.075000000;100;9581452938;S
20240209;100002;57.065000000;200;9581452939;S
20240209;100003;57.100000000;1000;9581453590;B
20240209;100003;57.100000000;100;9581453591;B
20240209;100003;57.100000000;400;9581453592;B
20240209;100003;57.110000000;1400;9581453593;B
20240209;100003;57.110000000;100;9581453594;B
20240209;100004;57.115000000;500;9581454434;B
20240209;100004;57.115000000;3800;9581454584;B
20240209;100004;57.120000000;500;9581454585;B
20240209;100004;57.125000000;100;9581454586;B
20240209;100004;57.125000000;100;9581454587;B
20240209;100004;57.125000000;300;9581454588;B
20240209;100004;57.125000000;2000;9581454589;B
20240209;100004;57.125000000;4600;9581454590;B
20240209;100004;57.125000000;1400;9581454591;B
20240209;100004;57.130000000;1400;9581454592;B
20240209;100004;57.130000000;5800;9581454593;B
20240209;100005;57.130000000;300;9581454930;B
20240209;100005;57.100000000;1100;9581455291;S
20240209;100005;57.095000000;500;9581455292;S
20240209;100005;57.080000000;1200;9581455293;S
20240209;100005;57.080000000;2000;9581455637;S
20240209;100006;57.120000000;100;9581456598;B
20240209;100006;57.070000000;100;9581456700;S
20240209;100006;57.070000000;500;9581456785;S
20240209;100006;57.110000000;100;9581456975;B
20240209;100007;57.070000000;300;9581458621;B
20240209;100008;57.065000000;100;9581459891;S
20240209;100009;57.065000000;100;9581459960;S
20240209;100009;57.065000000;500;9581460202;S
20240209;100009;57.065000000;1300;9581460203;S
20240209;100010;57.055000000;100;9581461002;B
20240209;100010;57.040000000;800;9581461302;S
20240209;100010;57.060000000;500;9581461442;B
20240209;100010;57.060000000;900;9581461542;B
20240209;100010;57.065000000;100;9581461543;B
20240209;100011;57.060000000;700;9581461577;B
20240209;100011;57.040000000;100;9581461616;S
20240209;100012;57.045000000;600;9581462354;S
20240209;100016;57.065000000;200;9581464259;B
20240209;100018;57.065000000;1100;9581465444;B
20240209;100018;57.065000000;500;9581465445;B
20240209;100018;57.070000000;1100;9581465446;B
20240209;100018;57.075000000;1400;9581465447;B
20240209;100018;57.080000000;2200;9581465448;B
20240209;100020;57.075000000;100;9581466314;B
20240209;100023;57.075000000;600;9581467378;B
20240209;100025;57.070000000;2000;9581467897;B
20240209;100025;57.070000000;500;9581467911;B
20240209;100030;57.075000000;700;9581469005;B
20240209;100031;57.080000000;200;9581469261;B
20240209;100037;57.065000000;500;9581470658;S
20240209;100037;57.060000000;700;9581470659;S
20240209;100037;57.055000000;100;9581470660;S
20240209;100037;57.045000000;800;9581470661;S
20240209;100037;57.040000000;3600;9581470662;S
20240209;100037;57.040000000;300;9581470663;S
20240209;100037;57.040000000;3900;9581470664;S
20240209;100041;57.090000000;200;9581471576;B
20240209;100047;57.100000000;2000;9581473446;B
20240209;100048;57.075000000;100;9581473621;S
20240209;100053;57.100000000;100;9581474691;B
20240209;100056;57.070000000;100;9581476014;S
20240209;100057;57.070000000;200;9581476196;S
20240209;100058;57.100000000;1300;9581476375;B
20240209;100058;57.100000000;8800;9581476376;B
20240209;100103;57.085000000;600;9581477377;B
20240209;100103;57.090000000;900;9581477380;B
20240209;100104;57.070000000;200;9581477539;S
20240209;100104;57.070000000;100;9581477540;S
20240209;100104;57.065000000;1700;9581477541;S
20240209;100106;57.090000000;1100;9581477996;B
20240209;100106;57.095000000;900;9581477997;B
20240209;100108;57.085000000;200;9581478277;B
20240209;100108;57.095000000;700;9581478279;B
20240209;100108;57.095000000;2000;9581478280;B
20240209;100108;57.095000000;3400;9581478281;B
20240209;100114;57.090000000;100;9581479972;S
20240209;100119;57.095000000;500;9581481039;B
20240209;100122;57.095000000;100;9581481424;B
20240209;100124;57.095000000;1000;9581481733;B
20240209;100128;57.090000000;100;9581482201;S
20240209;100128;57.090000000;700;9581482202;S
20240209;100128;57.095000000;200;9581482280;B
20240209;100129;57.095000000;100;9581482324;B
20240209;100133;57.090000000;100;9581483201;S
20240209;100133;57.090000000;1500;9581483236;S
20240209;100135;57.095000000;100;9581483521;B
20240209;100137;57.095000000;500;9581483912;B
20240209;100142;57.090000000;900;9581484644;S
20240209;100144;57.095000000;100;9581484976;B
20240209;100145;57.095000000;1000;9581485088;B
20240209;100148;57.090000000;100;9581485692;S
20240209;100148;57.090000000;2000;9581485693;S
20240209;100155;57.085000000;1500;9581486998;B
20240209;100155;57.095000000;800;9581486999;B
20240209;100200;57.095000000;400;9581487609;B
20240209;100205;57.080000000;1000;9581488756;S
20240209;100212;57.080000000;600;9581489848;B
20240209;100213;57.080000000;500;9581489926;B
20240209;100213;57.075000000;4000;9581489942;S
20240209;100214;57.080000000;500;9581490101;B
20240209;100214;57.075000000;200;9581490201;S
20240209;100221;57.075000000;600;9581492688;S
20240209;100221;57.070000000;3400;9581492689;S
20240209;100222;57.080000000;100;9581492879;B
20240209;100228;57.080000000;1900;9581493837;B
20240209;100228;57.085000000;300;9581493920;B
20240209;100233;57.085000000;100;9581494628;B
20240209;100233;57.080000000;4400;9581494697;S
20240209;100239;57.065000000;400;9581495522;S
20240209;100239;57.060000000;3600;9581495523;S
20240209;100250;57.060000000;400;9581497021;S
20240209;100251;57.080000000;100;9581497242;B
20240209;100255;57.060000000;200;9581497623;S
20240209;100255;57.060000000;500;9581497624;S
20240209;100255;57.055000000;1400;9581497625;S
20240209;100255;57.055000000;4000;9581497626;S
20240209;100255;57.055000000;100;9581497627;S
20240209;100259;57.080000000;100;9581498179;B
20240209;100301;57.065000000;900;9581498493;S
20240209;100301;57.060000000;1200;9581498494;S
20240209;100310;57.080000000;100;9581500089;B
20240209;100311;57.065000000;100;9581500401;S
20240209;100311;57.060000000;200;9581500402;S
20240209;100311;57.060000000;700;9581500403;S
20240209;100319;57.070000000;100;9581501986;S
20240209;100319;57.070000000;300;9581501987;S
20240209;100320;57.080000000;300;9581502151;B
20240209;100320;57.095000000;200;9581502152;B
20240209;100321;57.095000000;100;9581502249;B
20240209;100327;57.075000000;1500;9581503034;S
20240209;100329;57.070000000;100;9581503617;S
20240209;100330;57.070000000;500;9581503793;S
20240209;100349;57.075000000;2000;9581506463;S
20240209;100349;57.075000000;1400;9581506464;S
20240209;100349;57.070000000;800;9581506465;S
20240209;100349;57.070000000;300;9581506466;S
20240209;100356;57.080000000;500;9581507567;B
20240209;100357;57.075000000;1400;9581507599;S
20240209;100357;57.070000000;2700;9581507600;S
20240209;100357;57.070000000;100;9581507601;S
20240209;100357;57.070000000;1400;9581507602;S
20240209;100357;57.070000000;4000;9581507603;S
20240209;100357;57.070000000;400;9581507604;S
20240209;100414;57.090000000;100;9581509708;B
20240209;100425;57.065000000;100;9581511445;S
20240209;100425;57.060000000;700;9581511446;S
20240209;100425;57.060000000;100;9581511447;S
20240209;100425;57.060000000;1100;9581511448;S
20240209;100431;57.075000000;100;9581512286;B
20240209;100431;57.080000000;500;9581512287;B
20240209;100431;57.060000000;800;9581512396;S
20240209;100441;57.070000000;100;9581513664;B
20240209;100447;57.085000000;100;9581514482;B
20240209;100514;57.055000000;100;9581519846;S
20240209;100518;57.055000000;900;9581520455;S
20240209;100518;57.050000000;3600;9581520456;S
20240209;100518;57.050000000;6400;9581520457;S
20240209;100518;57.050000000;400;9581520458;S
20240209;100519;57.045000000;2000;9581520638;S
20240209;100519;57.040000000;2900;9581520639;S
20240209;100519;57.040000000;2000;9581520640;S
20240209;100519;57.040000000;2000;9581520646;S
20240209;100519;57.045000000;200;9581520701;B
20240209;100525;57.035000000;1600;9581521548;S
20240209;100525;57.040000000;100;9581521653;B
20240209;100526;57.035000000;1000;9581521961;S
20240209;100527;57.040000000;500;9581522086;B
20240209;100527;57.040000000;1300;9581522087;B
20240209;100534;57.020000000;2400;9581523911;S
20240209;100535;57.010000000;100;9581524253;S
20240209;100535;57.010000000;900;9581524254;S
20240209;100537;57.010000000;100;9581524448;S
20240209;100537;57.010000000;900;9581524449;S
20240209;100537;57.015000000;100;9581524911;B
20240209;100545;57.005000000;200;9581528332;S
20240209;100552;57.010000000;600;9581531084;B
20240209;100552;57.010000000;400;9581531085;B
20240209;100552;57.010000000;1000;9581531119;B
20240209;100554;57.000000000;3000;9581531600;S
20240209;100554;57.000000000;500;9581531617;S
20240209;100555;57.000000000;300;9581531642;S
20240209;100555;57.000000000;800;9581531675;S
20240209;100555;57.000000000;100;9581531676;S
20240209;100555;57.000000000;4100;9581531677;S
20240209;100555;57.000000000;2000;9581531759;S
20240209;100558;57.000000000;300;9581532161;S
20240209;100601;57.000000000;500;9581532961;S
20240209;100603;57.000000000;1000;9581533274;S
20240209;100606;57.000000000;1000;9581534381;S
20240209;100606;57.000000000;1800;9581534382;S
20240209;100606;57.000000000;49200;9581534383;S
20240209;100606;57.000000000;10000;9581534384;S
20240209;100606;57.000000000;100;9581534385;S
20240209;100606;57.000000000;10000;9581534386;S
20240209;100606;57.000000000;200;9581534387;S
20240209;100606;57.000000000;100;9581534388;S
20240209;100606;57.000000000;100;9581534389;S
20240209;100606;57.000000000;2000;9581534390;S
20240209;100606;57.000000000;100;9581534391;S
20240209;100606;57.000000000;800;9581534392;S
20240209;100606;57.000000000;100;9581534393;S
20240209;100606;57.000000000;100;9581534394;S
20240209;100606;56.995000000;400;9581534399;S
20240209;100606;56.995000000;1200;9581534400;S
20240209;100606;56.995000000;3800;9581534401;S
20240209;100606;56.995000000;500;9581534402;S
20240209;100606;56.985000000;500;9581534403;S
20240209;100606;56.975000000;500;9581534407;S
20240209;100606;56.970000000;500;9581534408;S
20240209;100606;56.970000000;10000;9581534409;S
20240209;100606;56.970000000;100;9581534410;S
20240209;100606;56.970000000;10000;9581534411;S
20240209;100606;56.965000000;500;9581534416;S
20240209;100606;56.965000000;200;9581534417;S
20240209;100606;56.965000000;200;9581534418;S
20240209;100606;56.965000000;1000;9581534419;S
20240209;100606;56.960000000;500;9581534420;S
20240209;100606;56.960000000;500;9581534421;S
20240209;100606;56.960000000;2500;9581534422;S
20240209;100606;56.955000000;100;9581534424;S
20240209;100606;56.955000000;500;9581534425;S
20240209;100606;56.960000000;300;9581534451;B
20240209;100606;56.960000000;300;9581534468;B
20240209;100606;56.955000000;300;9581534479;S
20240209;100606;56.955000000;200;9581534502;S
20240209;100606;56.955000000;200;9581534503;S
20240209;100607;56.950000000;200;9581534611;S
20240209;100607;56.950000000;100;9581534705;S
20240209;100607;56.950000000;100;9581534824;S
20240209;100607;56.950000000;100;9581534825;S
20240209;100607;56.950000000;100;9581534826;S
20240209;100607;56.950000000;100;9581534827;S
20240209;100607;56.950000000;500;9581534828;S
20240209;100607;56.950000000;200;9581534829;S
20240209;100607;56.950000000;200;9581534830;S
20240209;100608;56.950000000;700;9581534849;S
20240209;100608;56.950000000;700;9581534850;S
20240209;100608;56.950000000;600;9581534851;S
20240209;100608;56.945000000;100;9581534963;S
20240209;100608;56.945000000;500;9581534964;S
20240209;100608;56.945000000;3000;9581534965;S
20240209;100608;56.940000000;500;9581534966;S
20240209;100608;56.940000000;200;9581534967;S
20240209;100608;56.940000000;1000;9581534968;S
20240209;100608;56.940000000;200;9581534969;S
20240209;100608;56.940000000;200;9581534970;S
20240209;100608;56.940000000;200;9581534971;S
20240209;100608;56.940000000;200;9581534972;S
20240209;100608;56.935000000;500;9581534973;S
20240209;100608;56.935000000;300;9581534974;S
20240209;100608;56.935000000;2000;9581534975;S
20240209;100608;56.930000000;100;9581534976;S
20240209;100608;56.930000000;500;9581534977;S
20240209;100608;56.930000000;200;9581534978;S
20240209;100608;56.925000000;100;9581534979;S
20240209;100608;56.925000000;1000;9581534980;S
20240209;100608;56.925000000;500;9581534981;S
20240209;100608;56.920000000;100;9581534982;S
20240209;100608;56.920000000;500;9581534983;S
20240209;100608;56.925000000;200;9581535042;B
20240209;100608;56.925000000;200;9581535049;B
20240209;100608;56.925000000;200;9581535051;B
20240209;100608;56.925000000;200;9581535065;B
20240209;100608;56.925000000;100;9581535069;B
20240209;100608;56.925000000;200;9581535071;B
20240209;100609;56.920000000;100;9581535120;S
20240209;100609;56.920000000;200;9581535151;S
20240209;100609;56.920000000;500;9581535152;S
20240209;100609;56.925000000;3300;9581535161;B
20240209;100609;56.920000000;100;9581535209;S
20240209;100609;56.920000000;400;9581535210;S
20240209;100609;56.920000000;200;9581535211;S
20240209;100609;56.920000000;1000;9581535212;S
20240209;100609;56.915000000;500;9581535213;S
20240209;100609;56.915000000;1000;9581535214;S
20240209;100609;56.910000000;500;9581535215;S
20240209;100609;56.910000000;1000;9581535216;S
20240209;100609;56.910000000;1000;9581535217;S
20240209;100609;56.910000000;200;9581535218;S
20240209;100609;56.910000000;200;9581535219;S
20240209;100609;56.910000000;200;9581535220;S
20240209;100609;56.910000000;200;9581535221;S
20240209;100609;56.910000000;100;9581535222;S
20240209;100609;56.910000000;100;9581535223;S
20240209;100609;56.905000000;500;9581535224;S
20240209;100609;56.905000000;900;9581535225;S
20240209;100609;56.915000000;500;9581535285;B
20240209;100609;56.905000000;700;9581535306;S
20240209;100610;56.910000000;100;9581535486;B
20240209;100610;56.910000000;100;9581535494;B
20240209;100610;56.900000000;300;9581535551;S
20240209;100610;56.900000000;300;9581535564;S
20240209;100610;56.900000000;100;9581535565;S
20240209;100610;56.900000000;1100;9581535566;S
20240209;100610;56.905000000;500;9581535578;B
20240209;100610;56.900000000;100;9581535585;S
20240209;100610;56.900000000;3000;9581535614;S
20240209;100610;56.905000000;100;9581535617;B
20240209;100610;56.905000000;400;9581535618;B
20240209;100610;56.900000000;1500;9581535661;S
20240209;100610;56.900000000;100;9581535662;S
20240209;100610;56.900000000;700;9581535731;S
20240209;100610;56.900000000;200;9581535733;S
20240209;100611;56.900000000;1000;9581535742;S
20240209;100611;56.900000000;1500;9581535792;S
20240209;100611;56.900000000;200;9581535874;S
20240209;100611;56.900000000;600;9581535886;S
20240209;100611;56.900000000;100;9581535887;S
20240209;100611;56.900000000;200;9581535888;S
20240209;100611;56.900000000;100;9581535889;S
20240209;100611;56.900000000;300;9581535890;S
20240209;100611;56.900000000;200;9581535892;S
20240209;100611;56.900000000;500;9581535893;S
20240209;100611;56.900000000;100;9581535894;S
20240209;100611;56.900000000;200;9581535895;S
20240209;100611;56.900000000;100;9581535907;S
20240209;100611;56.900000000;100;9581535914;S
20240209;100611;56.900000000;600;9581536074;S
20240209;100611;56.900000000;100;9581536075;S
20240209;100611;56.900000000;500;9581536076;S
20240209;100611;56.900000000;100;9581536077;S
20240209;100611;56.900000000;1000;9581536078;S
20240209;100611;56.900000000;200;9581536079;S
20240209;100611;56.900000000;100;9581536080;S
20240209;100611;56.900000000;200;9581536081;S
20240209;100611;56.900000000;100;9581536082;S
20240209;100611;56.900000000;200;9581536083;S
20240209;100611;56.900000000;900;9581536084;S
20240209;100612;56.920000000;3600;9581536383;B
20240209;100612;56.920000000;1100;9581536384;B
20240209;100612;56.920000000;3000;9581536385;B
20240209;100612;56.925000000;2300;9581536386;B
20240209;100613;56.900000000;100;9581537231;S
20240209;100613;56.900000000;200;9581537232;S
20240209;100613;56.900000000;100;9581537233;S
20240209;100613;56.900000000;100;9581537234;S
20240209;100613;56.900000000;200;9581537235;S
20240209;100613;56.900000000;100;9581537236;S
20240209;100613;56.900000000;100;9581537237;S
20240209;100613;56.900000000;600;9581537238;S
20240209;100613;56.895000000;400;9581537622;S
20240209;100613;56.895000000;100;9581537624;S
20240209;100613;56.895000000;200;9581537651;S
20240209;100613;56.895000000;100;9581537652;S
20240209;100614;56.895000000;100;9581538051;S
20240209;100614;56.895000000;200;9581538052;S
20240209;100614;56.895000000;200;9581538053;S
20240209;100614;56.895000000;100;9581538054;S
20240209;100614;56.895000000;100;9581538055;S
20240209;100614;56.895000000;100;9581538227;S
20240209;100614;56.890000000;100;9581538282;S
20240209;100614;56.890000000;500;9581538283;S
20240209;100614;56.890000000;1000;9581538284;S
20240209;100614;56.890000000;300;9581538285;S
20240209;100614;56.885000000;500;9581538287;S
20240209;100615;56.880000000;500;9581538446;S
20240209;100615;56.880000000;200;9581538447;S
20240209;100615;56.880000000;600;9581538448;S
20240209;100615;56.880000000;1200;9581538449;S
20240209;100615;56.885000000;100;9581538576;B
20240209;100615;56.885000000;300;9581538666;B
20240209;100615;56.880000000;200;9581538700;S
20240209;100615;56.880000000;2900;9581538755;S
20240209;100615;56.880000000;3100;9581538796;S
20240209;100615;56.880000000;200;9581538797;S
20240209;100615;56.880000000;200;9581538798;S
20240209;100615;56.880000000;200;9581538799;S
20240209;100615;56.880000000;200;9581538800;S
20240209;100615;56.880000000;100;9581538801;S
20240209;100615;56.880000000;100;9581538802;S
20240209;100615;56.880000000;100;9581538803;S
20240209;100615;56.880000000;100;9581538804;S
20240209;100615;56.875000000;100;9581538805;S
20240209;100615;56.875000000;100;9581538806;S
20240209;100615;56.875000000;500;9581538807;S
20240209;100615;56.875000000;400;9581538808;S
20240209;100615;56.875000000;2500;9581538812;S
20240209;100615;56.875000000;2100;9581538883;S
20240209;100615;56.870000000;500;9581538884;S
20240209;100615;56.870000000;1000;9581538885;S
20240209;100615;56.865000000;500;9581538886;S
20240209;100615;56.865000000;200;9581538887;S
20240209;100615;56.865000000;200;9581538888;S
20240209;100615;56.865000000;100;9581538889;S
20240209;100615;56.865000000;200;9581538890;S
20240209;100615;56.865000000;100;9581538891;S
20240209;100615;56.865000000;200;9581538892;S
20240209;100615;56.865000000;100;9581538893;S
20240209;100615;56.865000000;100;9581538894;S
20240209;100615;56.865000000;100;9581538895;S
20240209;100615;56.860000000;500;9581538896;S
20240209;100615;56.860000000;200;9581538897;S
20240209;100615;56.860000000;1000;9581538898;S
20240209;100615;56.860000000;1400;9581538899;S
20240209;100615;56.855000000;100;9581538900;S
20240209;100615;56.855000000;500;9581538901;S
20240209;100615;56.855000000;100;9581538902;S
20240209;100615;56.855000000;1400;9581538903;S
20240209;100615;56.855000000;1100;9581538904;S
20240209;100615;56.850000000;100;9581538905;S
20240209;100615;56.850000000;100;9581538906;S
20240209;100615;56.850000000;200;9581538907;S
20240209;100615;56.850000000;500;9581538908;S
20240209;100615;56.850000000;100;9581538909;S
20240209;100615;56.850000000;1400;9581538910;S
20240209;100615;56.845000000;100;9581538911;S
20240209;100615;56.845000000;100;9581538912;S
20240209;100615;56.860000000;2000;9581538965;S
20240209;100615;56.860000000;3000;9581538966;S
20240209;100615;56.855000000;4000;9581538967;S
20240209;100615;56.850000000;1000;9581538968;S
20240209;100616;56.865000000;100;9581539116;S
20240209;100616;56.860000000;1400;9581539117;S
20240209;100616;56.860000000;300;9581539121;S
20240209;100616;56.860000000;4900;9581539129;S
20240209;100616;56.870000000;100;9581539161;B
20240209;100616;56.865000000;500;9581539163;S
20240209;100616;56.860000000;8200;9581539164;S
20240209;100616;56.860000000;2900;9581539166;S
20240209;100617;56.860000000;300;9581539452;S
20240209;100617;56.860000000;1500;9581539494;S
20240209;100617;56.860000000;200;9581539712;S
20240209;100617;56.860000000;700;9581539733;S
20240209;100618;56.860000000;400;9581540021;S
20240209;100619;56.860000000;100;9581540711;S
20240209;100621;56.860000000;100;9581541732;S
20240209;100621;56.860000000;100;9581541789;S
20240209;100622;56.865000000;100;9581542113;B
20240209;100624;56.860000000;1100;9581542768;S
20240209;100624;56.860000000;600;9581542950;S
20240209;100624;56.865000000;100;9581543013;B
20240209;100625;56.865000000;1900;9581543335;B
20240209;100625;56.865000000;1100;9581543336;B
20240209;100625;56.870000000;400;9581543337;B
20240209;100625;56.870000000;400;9581543338;B
20240209;100625;56.880000000;1900;9581543339;B
20240209;100625;56.885000000;1400;9581543340;B
20240209;100625;56.885000000;1300;9581543341;B
20240209;100625;56.885000000;1600;9581543342;B
20240209;100629;56.865000000;100;9581545640;S
20240209;100629;56.860000000;400;9581545641;S
20240209;100636;56.900000000;500;9581548529;B
20240209;100636;56.900000000;700;9581548530;B
20240209;100637;56.890000000;200;9581548732;S
20240209;100638;56.905000000;100;9581548908;B
20240209;100640;56.890000000;200;9581549272;S
20240209;100645;56.890000000;2600;9581550877;S
20240209;100645;56.890000000;200;9581550878;S
20240209;100649;56.895000000;100;9581551627;B
20240209;100654;56.895000000;100;9581552887;B
20240209;100657;56.895000000;500;9581553507;B
20240209;100658;56.885000000;500;9581553822;S
20240209;100658;56.885000000;400;9581553823;S
20240209;100701;56.885000000;100;9581555060;S
20240209;100701;56.885000000;700;9581555061;S
20240209;100701;56.875000000;1200;9581555062;S
20240209;100702;56.895000000;200;9581555217;B
20240209;100702;56.895000000;200;9581555218;B
20240209;100702;56.895000000;300;9581555406;B
20240209;100702;56.900000000;700;9581555407;B
20240209;100703;56.900000000;700;9581555426;B
20240209;100704;56.890000000;200;9581555682;S
20240209;100704;56.900000000;300;9581555792;B
20240209;100708;56.900000000;300;9581556682;B
20240209;100708;56.900000000;1400;9581556683;B
20240209;100708;56.900000000;100;9581556684;B
20240209;100708;56.915000000;1400;9581556685;B
20240209;100709;56.925000000;2000;9581556882;B
20240209;100709;56.925000000;3000;9581556883;B
20240209;100709;56.930000000;600;9581556926;B
20240209;100712;56.940000000;100;9581557363;S
20240209;100713;56.945000000;300;9581557686;B
20240209;100716;56.945000000;500;9581558259;B
20240209;100718;56.930000000;100;9581558728;S
20240209;100722;56.950000000;600;9581559320;B
20240209;100723;56.955000000;700;9581559433;B
20240209;100726;56.965000000;200;9581560026;S
20240209;100728;56.970000000;100;9581560322;B
20240209;100728;56.965000000;1000;9581560326;S
20240209;100728;56.955000000;1000;9581560327;S
20240209;100728;56.950000000;600;9581560328;S
20240209;100731;56.950000000;3600;9581560834;S
20240209;100731;56.950000000;3000;9581560835;S
20240209;100731;56.945000000;2000;9581560836;S
20240209;100731;56.945000000;1000;9581560837;S
20240209;100731;56.940000000;1000;9581560838;S
20240209;100731;56.930000000;1400;9581560839;S
20240209;100733;56.950000000;1000;9581561191;B
20240209;100733;56.975000000;100;9581561362;B
20240209;100735;56.980000000;600;9581561741;B
20240209;100743;56.985000000;100;9581564108;B
20240209;100745;56.960000000;1300;9581564433;S
20240209;100745;56.985000000;200;9581564550;B
20240209;100748;56.985000000;600;9581565159;B
20240209;100751;56.960000000;200;9581565655;S
20240209;100752;56.985000000;100;9581565776;B
20240209;100757;56.985000000;1000;9581566547;B
20240209;100759;56.975000000;200;9581566969;S
20240209;100801;56.970000000;600;9581567171;B
20240209;100809;56.965000000;100;9581568406;B
20240209;100811;56.965000000;200;9581568894;B
20240209;100812;56.970000000;2000;9581569045;B
20240209;100814;56.970000000;500;9581569349;B
20240209;100822;56.965000000;700;9581570373;B
20240209;100822;56.965000000;100;9581570439;B
20240209;100823;56.965000000;500;9581570634;B
20240209;100824;56.960000000;100;9581570859;S
20240209;100827;56.965000000;600;9581571163;B
20240209;100828;56.960000000;100;9581571365;B
20240209;100828;56.965000000;100;9581571366;B
20240209;100829;56.965000000;100;9581571514;B
20240209;100837;56.960000000;100;9581572627;B
20240209;100837;56.965000000;4200;9581572628;B
20240209;100840;56.965000000;600;9581573232;B
20240209;100843;56.960000000;500;9581573761;S
20240209;100843;56.960000000;1000;9581573762;S
20240209;100843;56.955000000;300;9581573763;S
20240209;100845;56.960000000;200;9581573994;B
20240209;100845;56.965000000;200;9581573995;B
20240209;100848;56.955000000;1000;9581574404;S
20240209;100848;56.950000000;900;9581574405;S
20240209;100848;56.950000000;100;9581574406;S
20240209;100848;56.950000000;100;9581574407;S
20240209;100848;56.955000000;200;9581574454;B
20240209;100851;56.955000000;100;9581574980;B
20240209;100853;56.955000000;600;9581575157;B
20240209;100902;56.950000000;100;9581576457;S
20240209;100902;56.945000000;300;9581576458;S
20240209;100903;56.945000000;2000;9581576652;S
20240209;100906;56.955000000;400;9581576945;B
20240209;100906;56.955000000;200;9581576946;B
20240209;100914;56.945000000;900;9581577901;S
20240209;100914;56.935000000;1000;9581577902;S
20240209;100914;56.930000000;1000;9581577903;S
20240209;100914;56.930000000;2000;9581577904;S
20240209;100914;56.925000000;1000;9581577905;S
20240209;100914;56.925000000;200;9581577906;S
20240209;100914;56.925000000;2200;9581577907;S
20240209;100914;56.920000000;1000;9581577908;S
20240209;100914;56.920000000;700;9581577909;S
20240209;100919;56.955000000;600;9581578574;B
20240209;100922;56.950000000;100;9581579081;S
20240209;100923;56.950000000;500;9581579235;B
20240209;100931;56.965000000;100;9581580302;B
20240209;100932;56.965000000;600;9581580423;B
20240209;100938;56.965000000;600;9581581215;B
20240209;100939;56.965000000;5000;9581581405;B
20240209;100939;56.965000000;6600;9581581406;B
20240209;100941;56.980000000;2000;9581581673;B
20240209;100941;56.980000000;8300;9581581674;B
20240209;100941;56.980000000;1700;9581581675;B
20240209;100941;56.970000000;200;9581581678;S
20240209;100942;56.985000000;3000;9581581733;B
20240209;100942;57.000000000;100;9581581814;B
20240209;100942;57.000000000;100;9581581815;B
20240209;100943;57.000000000;400;9581581922;B
20240209;100943;57.005000000;600;9581581923;B
20240209;100943;56.980000000;100;9581581963;S
20240209;100945;57.010000000;500;9581582101;B
20240209;100947;56.995000000;200;9581582472;S
20240209;100947;56.995000000;700;9581582485;S
20240209;100947;56.995000000;1000;9581582486;S
20240209;100947;56.990000000;300;9581582487;B
20240209;100949;57.010000000;200;9581582687;B
20240209;100956;56.985000000;1000;9581583970;S
20240209;100956;56.980000000;2100;9581583971;S
20240209;100957;57.000000000;200;9581584092;B
20240209;100957;57.000000000;400;9581584093;B
20240209;100959;57.000000000;800;9581584274;B
20240209;100959;57.005000000;200;9581584275;B
20240209;101005;57.000000000;500;9581584954;B
20240209;101010;56.995000000;400;9581585789;B
20240209;101010;56.995000000;200;9581585790;B
20240209;101012;56.995000000;600;9581586007;B
20240209;101013;56.965000000;200;9581586059;S
20240209;101016;56.965000000;600;9581586658;S
20240209;101016;56.965000000;900;9581586659;S
20240209;101016;56.960000000;300;9581586725;S
20240209;101023;56.980000000;200;9581588061;S
20240209;101023;56.985000000;600;9581588156;B
20240209;101024;56.980000000;2000;9581588243;S
20240209;101024;56.980000000;2000;9581588244;S
20240209;101024;56.985000000;300;9581588414;B
20240209;101031;56.985000000;700;9581589461;B
20240209;101033;56.980000000;200;9581589691;S
20240209;101035;56.970000000;200;9581590116;S
20240209;101035;56.965000000;800;9581590117;S
20240209;101035;56.960000000;700;9581590118;S
20240209;101035;56.960000000;1000;9581590119;S
20240209;101035;56.955000000;1000;9581590120;S
20240209;101035;56.955000000;900;9581590121;S
20240209;101035;56.950000000;300;9581590122;S
20240209;101035;56.950000000;100;9581590123;S
20240209;101035;56.950000000;5000;9581590124;S
20240209;101036;56.975000000;600;9581590331;B
20240209;101045;56.975000000;100;9581591653;B
20240209;101049;56.975000000;600;9581592236;B
20240209;101049;56.945000000;300;9581592258;S
20240209;101053;56.965000000;100;9581593177;B
20240209;101056;56.960000000;1800;9581593876;B
20240209;101056;56.965000000;3500;9581593877;B
20240209;101056;56.965000000;800;9581593878;B
20240209;101056;56.970000000;13000;9581593879;B
20240209;101056;56.970000000;2000;9581593880;B
20240209;101056;56.975000000;1100;9581593881;B
20240209;101056;56.975000000;200;9581593882;B
20240209;101056;56.980000000;2000;9581593883;B
20240209;101056;56.980000000;600;9581593884;B
20240209;101102;56.965000000;600;9581594793;B
20240209;101104;56.965000000;100;9581595085;B
20240209;101109;56.940000000;800;9581595829;S
20240209;101109;56.940000000;700;9581595830;S
20240209;101113;56.955000000;300;9581596301;B
20240209;101114;56.935000000;2200;9581596502;S
20240209;101114;56.930000000;800;9581596503;S
20240209;101114;56.925000000;1200;9581596504;S
20240209;101114;56.925000000;2000;9581596505;S
20240209;101114;56.925000000;2400;9581596506;S
20240209;101114;56.920000000;100;9581596507;S
20240209;101114;56.920000000;1100;9581596508;S
20240209;101114;56.920000000;200;9581596509;S
20240209;101115;56.925000000;1000;9581596561;S
20240209;101115;56.955000000;500;9581596617;B
20240209;101120;56.940000000;100;9581597303;S
20240209;101123;56.940000000;700;9581597724;B
20240209;101123;56.940000000;1000;9581597725;B
20240209;101123;56.945000000;800;9581597726;B
20240209;101123;56.945000000;1000;9581597727;B
20240209;101123;56.955000000;1300;9581597728;B
20240209;101123;56.955000000;1000;9581597729;B
20240209;101123;56.955000000;3000;9581597730;B
20240209;101124;56.955000000;10000;9581597954;S
20240209;101128;56.960000000;600;9581598503;B
20240209;101128;56.965000000;100;9581598526;B
20240209;101129;56.955000000;200;9581598685;S
20240209;101134;56.970000000;300;9581599426;B
20240209;101141;56.965000000;500;9581600291;B
20240209;101141;56.965000000;100;9581600292;B
20240209;101145;56.965000000;100;9581600868;S
20240209;101147;56.965000000;100;9581601149;S
20240209;101149;56.965000000;200;9581601368;S
20240209;101150;56.965000000;200;9581601564;B
20240209;101153;56.960000000;3600;9581602088;S
20240209;101153;56.960000000;800;9581602089;S
20240209;101153;56.960000000;100;9581602090;S
20240209;101153;56.955000000;2500;9581602091;S
20240209;101154;56.980000000;600;9581602141;B
20240209;101200;56.985000000;100;9581602951;B
20240209;101207;57.000000000;600;9581604128;B
20240209;101212;57.000000000;100;9581604967;B
20240209;101217;57.000000000;100;9581605801;B
20240209;101220;57.000000000;600;9581606060;B
20240209;101222;57.000000000;100;9581606469;B
20240209;101222;57.005000000;100;9581606470;B
20240209;101228;57.010000000;1000;9581607213;B
20240209;101229;57.010000000;100;9581607372;B
20240209;101232;57.010000000;500;9581607916;B
20240209;101233;57.010000000;300;9581607990;B
20240209;101233;57.015000000;700;9581607991;B
20240209;101235;56.990000000;100;9581608141;S
20240209;101243;57.000000000;800;9581609126;S
20240209;101243;56.995000000;200;9581609127;S
20240209;101243;57.000000000;1000;9581609128;S
20240209;101243;56.995000000;1000;9581609129;S
20240209;101245;57.015000000;600;9581609358;B
20240209;101246;56.995000000;1000;9581609374;S
20240209;101246;56.995000000;3000;9581609375;S
20240209;101246;56.990000000;800;9581609376;S
20240209;101246;56.990000000;1000;9581609377;S
20240209;101246;56.970000000;2700;9581609378;S
20240209;101249;57.000000000;800;9581609816;S
20240209;101249;57.000000000;1000;9581609817;S
20240209;101249;57.000000000;2500;9581609818;S
20240209;101252;56.985000000;800;9581610217;S
20240209;101252;56.985000000;200;9581610218;S
20240209;101253;57.000000000;100;9581610374;B
20240209;101255;57.000000000;600;9581610600;B
20240209;101255;57.000000000;1000;9581610601;B
20240209;101257;57.010000000;500;9581610720;B
20240209;101258;57.010000000;600;9581610996;B
20240209;101258;57.000000000;1400;9581610997;S
20240209;101258;57.000000000;600;9581610998;S
20240209;101258;57.000000000;1000;9581610999;S
20240209;101300;57.000000000;500;9581611184;B
20240209;101300;57.000000000;1500;9581611205;B
20240209;101306;57.015000000;100;9581611840;B
20240209;101306;57.015000000;1700;9581611841;S
20240209;101306;57.015000000;700;9581611842;S
20240209;101306;57.015000000;1000;9581611843;S
20240209;101311;57.015000000;600;9581612435;B
20240209;101312;57.015000000;200;9581612548;B
20240209;101316;57.015000000;300;9581613073;B
20240209;101319;57.015000000;500;9581613377;B
20240209;101319;57.015000000;500;9581613378;B
20240209;101323;57.010000000;100;9581613957;S
20240209;101324;57.015000000;600;9581614053;B
20240209;101328;57.015000000;200;9581614486;B
20240209;101330;57.015000000;3700;9581614792;B
20240209;101330;57.015000000;1000;9581614793;B
20240209;101333;57.020000000;100;9581615158;B
20240209;101333;57.020000000;1900;9581615159;B
20240209;101334;57.010000000;600;9581615334;S
20240209;101334;57.010000000;400;9581615335;S
20240209;101334;57.025000000;500;9581615376;B
20240209;101334;57.030000000;500;9581615377;B
20240209;101334;57.030000000;4300;9581615378;B
20240209;101334;57.035000000;500;9581615379;B
20240209;101334;57.035000000;200;9581615380;B
20240209;101334;57.035000000;2400;9581615381;B
20240209;101334;57.040000000;500;9581615382;B
20240209;101334;57.040000000;700;9581615383;B
20240209;101334;57.040000000;700;9581615384;B
20240209;101334;57.045000000;500;9581615385;B
20240209;101334;57.045000000;1000;9581615386;B
20240209;101334;57.045000000;900;9581615387;B
20240209;101334;57.045000000;1400;9581615388;B
20240209;101334;57.050000000;2000;9581615389;B
20240209;101334;57.050000000;500;9581615390;B
20240209;101334;57.050000000;200;9581615391;B
20240209;101334;57.050000000;200;9581615392;B
20240209;101334;57.050000000;5000;9581615393;B
20240209;101334;57.050000000;4000;9581615394;B
20240209;101334;57.050000000;4000;9581615395;B
20240209;101334;57.050000000;1400;9581615396;B
20240209;101334;57.055000000;500;9581615397;B
20240209;101334;57.055000000;800;9581615398;B
20240209;101334;57.055000000;1400;9581615399;B
20240209;101334;57.050000000;5000;9581615400;S
20240209;101334;57.055000000;2000;9581615401;B
20240209;101334;57.055000000;2700;9581615402;B
20240209;101334;57.055000000;2000;9581615403;B
20240209;101334;57.055000000;2000;9581615404;B
20240209;101334;57.050000000;1000;9581615406;S
20240209;101334;57.050000000;1000;9581615411;S
20240209;101334;57.050000000;1000;9581615412;S
20240209;101334;57.060000000;500;9581615413;B
20240209;101334;57.060000000;200;9581615414;B
20240209;101334;57.065000000;500;9581615415;B
20240209;101334;57.065000000;200;9581615416;B
20240209;101334;57.065000000;200;9581615417;B
20240209;101334;57.065000000;200;9581615418;B
20240209;101334;57.070000000;500;9581615419;B
20240209;101334;57.070000000;300;9581615420;B
20240209;101334;57.070000000;400;9581615421;B
20240209;101335;57.055000000;1000;9581615428;S
20240209;101335;57.055000000;400;9581615580;S
20240209;101336;57.070000000;800;9581615691;B
20240209;101337;57.075000000;500;9581615965;B
20240209;101337;57.080000000;100;9581615966;B
20240209;101338;57.080000000;400;9581616088;B
20240209;101338;57.080000000;200;9581616089;B
20240209;101338;57.080000000;200;9581616090;B
20240209;101338;57.080000000;200;9581616091;B
20240209;101338;57.080000000;200;9581616092;B
20240209;101338;57.085000000;500;9581616094;B
20240209;101340;57.080000000;700;9581616382;S
20240209;101340;57.080000000;300;9581616383;S
20240209;101342;57.090000000;500;9581616819;B
20240209;101343;57.090000000;100;9581616981;B
20240209;101345;57.075000000;700;9581617398;S
20240209;101345;57.075000000;1300;9581617399;S
20240209;101350;57.095000000;600;9581618193;B
20240209;101352;57.095000000;1600;9581618650;B
20240209;101352;57.095000000;500;9581618651;B
20240209;101352;57.095000000;200;9581618652;B
20240209;101352;57.095000000;200;9581618653;B
20240209;101352;57.095000000;200;9581618654;B
20240209;101352;57.095000000;200;9581618655;B
20240209;101352;57.095000000;100;9581618656;B
20240209;101352;57.095000000;1900;9581618657;B
20240209;101356;57.095000000;100;9581619243;B
20240209;101356;57.095000000;700;9581619244;B
20240209;101402;57.095000000;500;9581619978;B
20240209;101403;57.095000000;200;9581620211;B
20240209;101403;57.095000000;300;9581620212;B
20240209;101406;57.095000000;1700;9581620758;B
20240209;101406;57.095000000;300;9581620759;B
20240209;101407;57.095000000;1100;9581620867;B
20240209;101407;57.095000000;4300;9581620868;B
20240209;101407;57.095000000;7300;9581620869;B
20240209;101407;57.095000000;2000;9581620870;B
20240209;101407;57.095000000;1400;9581620872;B
20240209;101407;57.095000000;1400;9581620873;B
20240209;101407;57.095000000;600;9581620875;B
20240209;101407;57.095000000;2000;9581620876;B
20240209;101407;57.095000000;500;9581620879;B
20240209;101411;57.095000000;600;9581621477;B
20240209;101413;57.100000000;11200;9581621871;B
20240209;101413;57.100000000;500;9581621872;B
20240209;101413;57.100000000;500;9581621873;B
20240209;101413;57.100000000;1000;9581621874;B
20240209;101413;57.100000000;1400;9581621875;B
20240209;101413;57.100000000;10000;9581621876;B
20240209;101413;57.105000000;500;9581621877;B
20240209;101413;57.105000000;2000;9581621878;B
20240209;101413;57.105000000;1400;9581621879;B
20240209;101413;57.110000000;500;9581621880;B
20240209;101413;57.110000000;200;9581621881;B
20240209;101413;57.110000000;200;9581621882;B
20240209;101413;57.110000000;200;9581621883;B
20240209;101413;57.110000000;200;9581621884;B
20240209;101413;57.110000000;100;9581621885;B
20240209;101413;57.110000000;100;9581621886;B
20240209;101413;57.110000000;4300;9581621887;B
20240209;101413;57.110000000;1400;9581621888;B
20240209;101413;57.115000000;500;9581621889;B
20240209;101413;57.120000000;500;9581621892;B
20240209;101413;57.125000000;100;9581621894;B
20240209;101413;57.125000000;500;9581621895;B
20240209;101413;57.125000000;300;9581621896;B
20240209;101413;57.125000000;200;9581621897;B
20240209;101413;57.125000000;200;9581621898;B
20240209;101413;57.125000000;200;9581621899;B
20240209;101413;57.125000000;100;9581621900;B
20240209;101413;57.125000000;100;9581621901;B
20240209;101413;57.125000000;100;9581621902;B
20240209;101413;57.125000000;10000;9581621903;B
20240209;101413;57.130000000;100;9581621971;B
20240209;101413;57.130000000;400;9581621972;B
20240209;101414;57.130000000;100;9581621986;B
20240209;101414;57.135000000;300;9581621987;B
20240209;101416;57.135000000;200;9581622309;B
20240209;101416;57.140000000;200;9581622344;B
20240209;101416;57.140000000;400;9581622345;B
20240209;101416;57.140000000;100;9581622392;B
20240209;101416;57.140000000;300;9581622393;B
20240209;101416;57.140000000;200;9581622394;B
20240209;101416;57.140000000;200;9581622395;B
20240209;101416;57.140000000;200;9581622396;B
20240209;101416;57.140000000;100;9581622397;B
20240209;101416;57.140000000;100;9581622398;B
20240209;101416;57.140000000;100;9581622399;B
20240209;101416;57.140000000;100;9581622400;B
20240209;101416;57.140000000;600;9581622401;B
20240209;101416;57.145000000;15500;9581622402;B
20240209;101416;57.145000000;600;9581622403;B
20240209;101416;57.145000000;3300;9581622404;B
20240209;101416;57.145000000;2000;9581622405;B
20240209;101416;57.145000000;500;9581622406;B
20240209;101416;57.150000000;15400;9581622407;B
20240209;101416;57.150000000;15500;9581622408;B
20240209;101416;57.150000000;15600;9581622409;B
20240209;101416;57.150000000;5000;9581622410;B
20240209;101416;57.150000000;500;9581622411;B
20240209;101416;57.150000000;2000;9581622412;B
20240209;101416;57.150000000;1400;9581622413;B
20240209;101416;57.150000000;4300;9581622414;B
20240209;101416;57.155000000;100;9581622415;B
20240209;101416;57.155000000;15600;9581622416;B
20240209;101416;57.155000000;15600;9581622417;B
20240209;101416;57.155000000;500;9581622418;B
20240209;101416;57.155000000;500;9581622419;B
20240209;101416;57.155000000;300;9581622420;B
20240209;101416;57.155000000;200;9581622421;B
20240209;101416;57.155000000;200;9581622422;B
20240209;101416;57.155000000;100;9581622423;B
20240209;101416;57.155000000;100;9581622424;B
20240209;101416;57.155000000;100;9581622425;B
20240209;101416;57.155000000;100;9581622426;B
20240209;101416;57.155000000;100;9581622427;B
20240209;101416;57.155000000;1400;9581622428;B
20240209;101416;57.155000000;700;9581622429;B
20240209;101416;57.160000000;500;9581622430;B
20240209;101416;57.160000000;600;9581622431;B
20240209;101416;57.165000000;500;9581622432;B
20240209;101416;57.155000000;1000;9581622433;S
20240209;101416;57.170000000;15400;9581622434;B
20240209;101416;57.170000000;500;9581622435;B
20240209;101416;57.170000000;100;9581622436;B
20240209;101416;57.155000000;3700;9581622438;S
20240209;101416;57.155000000;300;9581622439;S
20240209;101416;57.155000000;1000;9581622444;S
20240209;101416;57.165000000;400;9581622445;B
20240209;101417;57.170000000;3300;9581622522;B
20240209;101417;57.175000000;3000;9581622553;B
20240209;101417;57.175000000;100;9581622567;B
20240209;101418;57.175000000;12500;9581622686;B
20240209;101418;57.175000000;500;9581622687;B
20240209;101418;57.180000000;500;9581622688;B
20240209;101418;57.180000000;800;9581622689;B
20240209;101418;57.185000000;500;9581622690;B
20240209;101418;57.190000000;500;9581622691;B
20240209;101418;57.190000000;4300;9581622692;B
20240209;101418;57.195000000;500;9581622693;B
20240209;101418;57.195000000;700;9581622694;B
20240209;101418;57.200000000;500;9581622695;B
20240209;101418;57.200000000;200;9581622696;B
20240209;101418;57.200000000;600;9581622697;B
20240209;101418;57.205000000;500;9581622698;B
20240209;101418;57.210000000;500;9581622699;B
20240209;101418;57.210000000;3900;9581622700;B
20240209;101418;57.210000000;6400;9581622701;B
20240209;101418;57.215000000;500;9581622702;B
20240209;101418;57.215000000;8000;9581622703;B
20240209;101418;57.210000000;1600;9581622712;S
20240209;101418;57.210000000;1000;9581622738;S
20240209;101418;57.215000000;3600;9581622739;B
20240209;101418;57.220000000;500;9581622770;B
20240209;101418;57.220000000;19800;9581622771;B
20240209;101418;57.225000000;100;9581622779;B
20240209;101418;57.225000000;500;9581622780;B
20240209;101418;57.225000000;200;9581622781;B
20240209;101419;57.220000000;400;9581622906;B
20240209;101420;57.220000000;1200;9581622928;B
20240209;101422;57.220000000;100;9581623287;B
20240209;101424;57.220000000;600;9581623579;B
20240209;101424;57.220000000;1000;9581623580;B
20240209;101424;57.230000000;300;9581623583;B
20240209;101424;57.230000000;500;9581623584;B
20240209;101424;57.230000000;300;9581623585;B
20240209;101424;57.230000000;200;9581623586;B
20240209;101424;57.235000000;300;9581623590;B
20240209;101424;57.235000000;200;9581623597;B
20240209;101425;57.235000000;600;9581623678;B
20240209;101429;57.240000000;500;9581624109;B
20240209;101429;57.240000000;100;9581624110;B
20240209;101429;57.240000000;500;9581624111;B
20240209;101429;57.245000000;500;9581624112;B
20240209;101429;57.245000000;300;9581624113;B
20240209;101429;57.250000000;500;9581624114;B
20240209;101429;57.250000000;1000;9581624115;B
20240209;101429;57.250000000;800;9581624116;B
20240209;101429;57.255000000;500;9581624117;B
20240209;101429;57.255000000;4000;9581624118;B
20240209;101429;57.260000000;500;9581624119;B
20240209;101429;57.260000000;500;9581624120;B
20240209;101429;57.260000000;4300;9581624121;B
20240209;101429;57.265000000;500;9581624122;B
20240209;101429;57.265000000;600;9581624160;B
20240209;101437;57.265000000;200;9581625125;B
20240209;101438;57.240000000;100;9581625250;S
20240209;101438;57.230000000;300;9581625251;S
20240209;101438;57.260000000;600;9581625315;B
20240209;101442;57.260000000;600;9581625885;B
20240209;101443;57.225000000;2000;9581626157;S
20240209;101445;57.225000000;800;9581626429;B
20240209;101445;57.225000000;200;9581626430;B
20240209;101445;57.220000000;100;9581626431;S
20240209;101447;57.210000000;100;9581626778;S
20240209;101447;57.210000000;4600;9581626779;S
20240209;101447;57.210000000;100;9581626780;S
20240209;101448;57.210000000;100;9581626986;S
20240209;101448;57.210000000;100;9581626987;S
20240209;101448;57.210000000;100;9581627008;S
20240209;101449;57.210000000;100;9581627190;S
20240209;101449;57.210000000;100;9581627191;S
20240209;101449;57.210000000;100;9581627225;S
20240209;101450;57.210000000;200;9581627319;S
20240209;101450;57.210000000;100;9581627328;S
20240209;101450;57.210000000;100;9581627377;S
20240209;101450;57.210000000;100;9581627445;S
20240209;101451;57.215000000;800;9581627498;B
20240209;101451;57.215000000;3000;9581627499;B
20240209;101451;57.225000000;800;9581627500;B
20240209;101451;57.235000000;1000;9581627501;B
20240209;101451;57.240000000;1000;9581627502;B
20240209;101451;57.245000000;1000;9581627503;B
20240209;101451;57.245000000;3600;9581627504;B
20240209;101451;57.245000000;2300;9581627505;B
20240209;101451;57.250000000;1000;9581627506;B
20240209;101451;57.250000000;1300;9581627507;B
20240209;101451;57.250000000;2200;9581627508;B
20240209;101453;57.220000000;100;9581627762;S
20240209;101453;57.220000000;300;9581627838;B
20240209;101455;57.215000000;600;9581628082;B
20240209;101457;57.210000000;4600;9581628540;S
20240209;101457;57.210000000;3500;9581628541;S
20240209;101457;57.200000000;300;9581628542;S
20240209;101457;57.200000000;100;9581628543;S
20240209;101457;57.180000000;400;9581628576;B
20240209;101505;57.140000000;200;9581629875;B
20240209;101506;57.145000000;1800;9581630338;B
20240209;101508;57.150000000;600;9581630608;B
20240209;101513;57.160000000;700;9581632115;B
20240209;101520;57.150000000;100;9581633565;B
20240209;101520;57.155000000;500;9581633668;B
20240209;101526;57.150000000;200;9581634969;S
20240209;101529;57.145000000;1300;9581635436;S
20240209;101529;57.145000000;500;9581635437;S
20240209;101529;57.145000000;700;9581635460;B
20240209;101529;57.150000000;3500;9581635461;B
20240209;101529;57.160000000;300;9581635462;B
20240209;101531;57.150000000;500;9581635819;B
20240209;101533;57.155000000;600;9581636236;B
20240209;101534;57.155000000;1100;9581636394;B
20240209;101536;57.155000000;100;9581636772;B
20240209;101541;57.155000000;600;9581637784;B
20240209;101542;57.160000000;100;9581637934;B
20240209;101545;57.160000000;300;9581638398;B
20240209;101546;57.160000000;600;9581638832;B
20240209;101548;57.160000000;100;9581639196;B
20240209;101548;57.160000000;100;9581639197;B
20240209;101548;57.160000000;1300;9581639198;B
20240209;101548;57.160000000;2000;9581639199;B
20240209;101548;57.160000000;100;9581639200;B
20240209;101548;57.160000000;2000;9581639254;B
20240209;101550;57.155000000;500;9581639685;S
20240209;101554;57.160000000;600;9581640415;B
20240209;101554;57.160000000;800;9581640416;B
20240209;101556;57.165000000;100;9581640802;B
20240209;101558;57.175000000;100;9581641113;B
20240209;101558;57.175000000;100;9581641114;B
20240209;101558;57.190000000;700;9581641115;B
20240209;101558;57.195000000;100;9581641116;B
20240209;101558;57.165000000;200;9581641121;S
20240209;101559;57.200000000;100;9581641388;B
20240209;101559;57.205000000;500;9581641389;B
20240209;101605;57.225000000;1000;9581642560;B
20240209;101606;57.225000000;1000;9581642624;B
20240209;101606;57.225000000;1000;9581642723;B
20240209;101607;57.225000000;300;9581642797;B
20240209;101607;57.235000000;700;9581642798;B
20240209;101607;57.240000000;1000;9581642825;B
20240209;101608;57.240000000;100;9581642947;B
20240209;101608;57.240000000;900;9581642948;B
20240209;101608;57.220000000;100;9581643066;B
20240209;101608;57.235000000;100;9581643096;S
20240209;101611;57.235000000;900;9581643654;S
20240209;101611;57.230000000;600;9581643655;S
20240209;101611;57.210000000;600;9581643774;S
20240209;101612;57.225000000;600;9581643984;B
20240209;101613;57.225000000;1000;9581644086;B
20240209;101614;57.210000000;400;9581644472;S
20240209;101614;57.200000000;1800;9581644473;S
20240209;101614;57.225000000;1000;9581644478;B
20240209;101615;57.200000000;3600;9581644793;S
20240209;101615;57.200000000;400;9581644822;B
20240209;101622;57.225000000;2500;9581645888;B
20240209;101622;57.225000000;600;9581645889;B
20240209;101622;57.235000000;3000;9581645890;B
20240209;101622;57.245000000;3600;9581645891;B
20240209;101622;57.250000000;100;9581645892;B
20240209;101622;57.250000000;10000;9581645893;B
20240209;101622;57.250000000;3300;9581645894;B
20240209;101622;57.250000000;4000;9581645895;B
20240209;101622;57.260000000;10000;9581645896;B
20240209;101622;57.260000000;3300;9581645897;B
20240209;101622;57.260000000;1300;9581645898;B
20240209;101622;57.265000000;6600;9581645899;B
20240209;101622;57.265000000;1300;9581645900;B
20240209;101622;57.270000000;400;9581645901;B
20240209;101625;57.245000000;500;9581646518;B
20240209;101626;57.245000000;1000;9581646660;B
20240209;101627;57.245000000;1300;9581646880;B
20240209;101627;57.245000000;600;9581646881;B
20240209;101627;57.245000000;3000;9581646882;B
20240209;101627;57.250000000;13000;9581646883;B
20240209;101627;57.250000000;500;9581646884;B
20240209;101627;57.270000000;100;9581646885;B
20240209;101627;57.270000000;5200;9581646886;B
20240209;101627;57.270000000;3300;9581646887;B
20240209;101627;57.270000000;4000;9581646888;B
20240209;101627;57.270000000;1300;9581646889;B
20240209;101627;57.275000000;500;9581646890;B
20240209;101627;57.275000000;1300;9581646891;B
20240209;101627;57.280000000;500;9581646892;B
20240209;101627;57.280000000;100;9581646893;B
20240209;101627;57.280000000;1600;9581646894;B
20240209;101627;57.280000000;1300;9581646895;B
20240209;101627;57.280000000;4300;9581646896;B
20240209;101627;57.285000000;500;9581646897;B
20240209;101627;57.290000000;500;9581646898;B
20240209;101627;57.290000000;2000;9581646899;B
20240209;101627;57.290000000;1000;9581646900;B
20240209;101627;57.295000000;500;9581646901;B
20240209;101627;57.295000000;3300;9581646902;B
20240209;101627;57.295000000;1000;9581646903;B
20240209;101627;57.295000000;8000;9581646904;B
20240209;101627;57.300000000;100;9581646905;B
20240209;101627;57.300000000;500;9581646906;B
20240209;101627;57.300000000;1000;9581646907;B
20240209;101627;57.300000000;18000;9581646908;B
20240209;101627;57.300000000;2000;9581646909;B
20240209;101627;57.300000000;2000;9581646910;B
20240209;101627;57.300000000;100;9581646911;B
20240209;101627;57.300000000;2000;9581646912;B
20240209;101627;57.300000000;7000;9581646913;B
20240209;101627;57.300000000;8600;9581646914;S
20240209;101628;57.250000000;200;9581647031;S
20240209;101628;57.245000000;2900;9581647032;S
20240209;101631;57.245000000;200;9581647545;B
20240209;101631;57.245000000;3300;9581647546;B
20240209;101631;57.245000000;600;9581647547;B
20240209;101631;57.260000000;1000;9581647548;B
20240209;101631;57.260000000;3000;9581647549;B
20240209;101631;57.265000000;1000;9581647550;B
20240209;101632;57.280000000;300;9581647811;B
20240209;101637;57.275000000;200;9581648520;B
20240209;101637;57.280000000;1400;9581648521;B
20240209;101637;57.285000000;100;9581648522;B
20240209;101637;57.285000000;700;9581648523;B
20240209;101637;57.290000000;1000;9581648524;B
20240209;101637;57.300000000;700;9581648525;B
20240209;101637;57.295000000;1400;9581648530;S
20240209;101638;57.300000000;200;9581648714;B
20240209;101638;57.300000000;200;9581648715;B
20240209;101638;57.300000000;200;9581648716;B
20240209;101638;57.300000000;2300;9581648770;B
20240209;101638;57.300000000;1400;9581648771;B
20240209;101639;57.300000000;1000;9581648916;B
20240209;101640;57.300000000;100;9581649046;B
20240209;101640;57.305000000;500;9581649047;B
20240209;101640;57.310000000;400;9581649048;B
20240209;101642;57.305000000;300;9581649519;B
20240209;101642;57.305000000;500;9581649520;B
20240209;101642;57.305000000;100;9581649602;B
20240209;101643;57.300000000;300;9581649749;S
20240209;101643;57.300000000;1400;9581649750;S
20240209;101643;57.300000000;1000;9581649751;S
20240209;101643;57.295000000;600;9581649752;S
20240209;101649;57.300000000;100;9581650709;B
20240209;101649;57.300000000;100;9581650710;B
20240209;101649;57.300000000;100;9581650737;B
20240209;101650;57.310000000;100;9581650879;B
20240209;101650;57.315000000;500;9581650880;B
20240209;101650;57.315000000;1000;9581650881;B
20240209;101650;57.320000000;500;9581650882;B
20240209;101650;57.325000000;500;9581650883;B
20240209;101650;57.325000000;300;9581650884;B
20240209;101651;57.325000000;600;9581651068;B
20240209;101657;57.300000000;200;9581652098;S
20240209;101657;57.300000000;1000;9581652099;S
20240209;101657;57.300000000;100;9581652100;S
20240209;101659;57.300000000;500;9581652571;B
20240209;101700;57.300000000;600;9581652656;B
20240209;101702;57.300000000;4900;9581653064;B
20240209;101703;57.300000000;500;9581653232;B
20240209;101703;57.300000000;600;9581653241;B
20240209;101704;57.300000000;600;9581653334;B
20240209;101705;57.300000000;1000;9581653488;B
20240209;101717;57.320000000;600;9581655314;B
20240209;101719;57.300000000;500;9581655573;S
20240209;101719;57.295000000;9500;9581655574;S
20240209;101722;57.295000000;300;9581656074;S
20240209;101722;57.295000000;100;9581656075;S
20240209;101722;57.295000000;20900;9581656076;S
20240209;101722;57.295000000;6000;9581656077;S
20240209;101722;57.295000000;7800;9581656078;S
20240209;101725;57.290000000;200;9581656604;B
20240209;101730;57.275000000;200;9581657327;B
20240209;101730;57.275000000;400;9581657328;B
20240209;101734;57.275000000;1000;9581658309;B
20240209;101735;57.280000000;500;9581658541;B
20240209;101743;57.275000000;500;9581659878;B
20240209;101744;57.260000000;39400;9581660226;S
20240209;101746;57.270000000;1100;9581660516;B
20240209;101746;57.270000000;700;9581660517;B
20240209;101746;57.275000000;3100;9581660518;B
20240209;101746;57.275000000;1200;9581660519;B
20240209;101746;57.260000000;2500;9581660595;S
20240209;101752;57.250000000;1000;9581661456;S
20240209;101756;57.245000000;600;9581661948;B
20240209;101757;57.245000000;3000;9581662066;B
20240209;101757;57.250000000;1100;9581662067;B
20240209;101757;57.250000000;1300;9581662068;B
20240209;101757;57.255000000;1300;9581662069;B
20240209;101757;57.255000000;2000;9581662070;B
20240209;101757;57.260000000;1300;9581662071;B
20240209;101757;57.265000000;2000;9581662072;B
20240209;101757;57.270000000;3000;9581662073;B
20240209;101804;57.250000000;100;9581663181;S
20240209;101805;57.235000000;700;9581663294;B
20240209;101807;57.230000000;100;9581663575;B
20240209;101808;57.200000000;300;9581663753;S
20240209;101808;57.220000000;600;9581663895;B
20240209;101821;57.215000000;600;9581665834;B
20240209;101823;57.225000000;200;9581666099;B
20240209;101827;57.215000000;100;9581666846;S
20240209;101831;57.215000000;1000;9581667327;S
20240209;101831;57.220000000;400;9581667344;B
20240209;101832;57.200000000;100;9581667480;S
20240209;101834;57.220000000;300;9581667755;B
20240209;101834;57.220000000;300;9581667756;B
20240209;101835;57.215000000;3600;9581667894;B
20240209;101835;57.220000000;5200;9581667895;B
20240209;101835;57.220000000;1000;9581667896;B
20240209;101835;57.230000000;1200;9581667897;B
20240209;101835;57.230000000;200;9581667898;B
20240209;101835;57.235000000;1300;9581667899;B
20240209;101835;57.235000000;2000;9581667900;B
20240209;101835;57.240000000;1300;9581667901;B
20240209;101835;57.245000000;2000;9581667902;B
20240209;101835;57.245000000;4300;9581667903;B
20240209;101835;57.255000000;200;9581667904;B
20240209;101835;57.255000000;2000;9581667905;B
20240209;101835;57.260000000;1200;9581667906;B
20240209;101835;57.265000000;2000;9581667907;B
20240209;101835;57.265000000;2500;9581667908;B
20240209;101835;57.215000000;3600;9581667910;B
20240209;101844;57.245000000;100;9581669048;B
20240209;101847;57.245000000;600;9581669474;B
20240209;101849;57.250000000;100;9581669663;B
20240209;101852;57.225000000;300;9581670137;S
20240209;101852;57.220000000;900;9581670138;S
20240209;101855;57.215000000;200;9581670440;B
20240209;101858;57.215000000;100;9581670871;B
20240209;101900;57.215000000;500;9581671103;B
20240209;101901;57.215000000;100;9581671260;B
20240209;101905;57.215000000;100;9581671929;B
20240209;101906;57.210000000;500;9581672040;S
20240209;101907;57.205000000;100;9581672044;S
20240209;101911;57.220000000;100;9581672972;B
20240209;101913;57.220000000;600;9581673179;B
20240209;101917;57.215000000;100;9581673576;S
20240209;101917;57.215000000;900;9581673577;S
20240209;101917;57.210000000;700;9581673578;S
20240209;101917;57.205000000;3600;9581673579;S
20240209;101917;57.205000000;1900;9581673580;S
20240209;101917;57.200000000;11000;9581673581;S
20240209;101917;57.200000000;300;9581673582;S
20240209;101919;57.220000000;18100;9581673791;B
20240209;101919;57.220000000;1000;9581673792;B
20240209;101922;57.260000000;2800;9581674117;B
20240209;101922;57.265000000;1300;9581674118;B
20240209;101922;57.265000000;900;9581674119;B
20240209;101923;57.230000000;200;9581674212;S
20240209;101923;57.225000000;500;9581674213;S
20240209;101926;57.270000000;600;9581674521;B
20240209;101928;57.270000000;2400;9581674740;B
20240209;101928;57.270000000;1200;9581674741;B
20240209;101938;57.275000000;400;9581676127;B
20240209;101939;57.275000000;600;9581676211;B
20240209;101944;57.275000000;100;9581677528;B
20240209;101945;57.280000000;100;9581677645;B
20240209;101948;57.275000000;100;9581677989;B
20240209;101952;57.260000000;200;9581678415;B
20240209;101952;57.275000000;400;9581678416;B
20240209;101955;57.275000000;200;9581678734;B
20240209;101955;57.275000000;100;9581678735;B
20240209;101955;57.280000000;3400;9581678736;B
20240209;101955;57.280000000;1100;9581678737;B
20240209;101955;57.280000000;900;9581678738;B
20240209;101955;57.280000000;10000;9581678739;B
20240209;101955;57.280000000;200;9581678740;B
20240209;101955;57.285000000;400;9581678741;B
20240209;101955;57.285000000;2000;9581678742;B
20240209;101955;57.290000000;1900;9581678743;B
20240209;101955;57.295000000;2000;9581678744;B
20240209;101955;57.295000000;400;9581678745;B
20240209;101955;57.295000000;1300;9581678746;B
20240209;101955;57.295000000;100;9581678747;B
20240209;101955;57.300000000;10000;9581678748;B
20240209;101955;57.300000000;1000;9581678749;B
20240209;101955;57.300000000;20000;9581678750;B
20240209;101955;57.300000000;1300;9581678751;B
20240209;101955;57.305000000;2000;9581678752;B
20240209;101955;57.305000000;1300;9581678753;B
20240209;101955;57.310000000;20000;9581678754;B
20240209;101955;57.315000000;2000;9581678755;B
20240209;101955;57.315000000;1700;9581678756;B
20240209;101955;57.315000000;100;9581678757;B
20240209;101955;57.315000000;4300;9581678758;B
20240209;101955;57.320000000;2700;9581678759;B
20240209;101955;57.320000000;1800;9581678760;B
20240209;101955;57.320000000;700;9581678761;B
20240209;101955;57.325000000;3100;9581678762;B
20240209;101955;57.325000000;2000;9581678763;B
20240209;101955;57.330000000;500;9581678764;B
20240209;101955;57.330000000;100;9581678765;B
20240209;101955;57.330000000;1400;9581678766;B
20240209;102005;57.315000000;500;9581679852;B
20240209;102013;57.315000000;100;9581681337;B
20240209;102018;57.290000000;600;9581683926;B
20240209;102027;57.275000000;100;9581688761;B
20240209;102031;57.275000000;600;9581690088;B
20240209;102035;57.245000000;100;9581690598;S
20240209;102042;57.260000000;100;9581693059;B
20240209;102044;57.265000000;600;9581693228;B
20240209;102044;57.245000000;100;9581693264;S
20240209;102044;57.245000000;100;9581693265;S
20240209;102044;57.245000000;100;9581693266;S
20240209;102044;57.245000000;100;9581693267;S
20240209;102044;57.245000000;200;9581693268;S
20240209;102046;57.265000000;1000;9581695282;B
20240209;102048;57.245000000;100;9581695971;S
20240209;102048;57.245000000;200;9581695972;S
20240209;102048;57.245000000;100;9581695973;S
20240209;102048;57.245000000;100;9581695974;S
20240209;102048;57.245000000;100;9581695975;S
20240209;102048;57.245000000;100;9581695976;S
20240209;102048;57.245000000;100;9581695977;S
20240209;102048;57.245000000;100;9581695978;S
20240209;102048;57.245000000;100;9581695979;S
20240209;102048;57.245000000;100;9581695980;S
20240209;102048;57.240000000;900;9581695981;S
20240209;102048;57.235000000;1300;9581695982;S
20240209;102048;57.235000000;300;9581695990;B
20240209;102048;57.235000000;200;9581695993;B
20240209;102048;57.235000000;100;9581695994;B
20240209;102048;57.235000000;100;9581695995;B
20240209;102048;57.235000000;100;9581695996;B
20240209;102048;57.235000000;100;9581695997;B
20240209;102048;57.235000000;100;9581695998;B
20240209;102048;57.235000000;100;9581695999;B
20240209;102048;57.235000000;100;9581696000;B
20240209;102048;57.235000000;300;9581696013;B
20240209;102048;57.235000000;200;9581696014;B
20240209;102048;57.245000000;100;9581696022;S
20240209;102050;57.250000000;200;9581696184;B
20240209;102056;57.265000000;600;9581697236;B
20240209;102057;57.275000000;100;9581697420;B
20240209;102058;57.245000000;100;9581697481;S
20240209;102058;57.245000000;100;9581697482;S
20240209;102058;57.245000000;100;9581697483;S
20240209;102058;57.245000000;100;9581697484;S
20240209;102058;57.245000000;100;9581697485;S
20240209;102058;57.245000000;100;9581697486;S
20240209;102058;57.245000000;300;9581697487;S
20240209;102058;57.245000000;200;9581697488;S
20240209;102058;57.245000000;100;9581697489;S
20240209;102058;57.240000000;800;9581697490;S
20240209;102058;57.240000000;3000;9581697491;S
20240209;102058;57.245000000;100;9581697515;S
20240209;102102;57.260000000;300;9581699402;B
20240209;102109;57.270000000;600;9581700622;B
20240209;102110;57.245000000;100;9581701566;S
20240209;102110;57.245000000;100;9581701567;S
20240209;102110;57.245000000;100;9581701568;S
20240209;102110;57.245000000;100;9581701569;S
20240209;102110;57.245000000;300;9581701570;S
20240209;102110;57.245000000;200;9581701571;S
20240209;102110;57.245000000;100;9581701572;S
20240209;102110;57.245000000;800;9581701573;S
20240209;102110;57.245000000;1000;9581701574;S
20240209;102110;57.240000000;100;9581701578;B
20240209;102110;57.240000000;100;9581701579;B
20240209;102110;57.240000000;100;9581701580;B
20240209;102110;57.240000000;100;9581701581;B
20240209;102110;57.240000000;300;9581701641;B
20240209;102110;57.240000000;200;9581701642;B
20240209;102110;57.240000000;100;9581701644;B
20240209;102110;57.240000000;100;9581701646;B
20240209;102110;57.240000000;100;9581701647;B
20240209;102110;57.240000000;100;9581701648;B
20240209;102110;57.240000000;300;9581701649;B
20240209;102110;57.240000000;200;9581701652;B
20240209;102110;57.240000000;100;9581701656;B
20240209;102110;57.240000000;100;9581701658;B
20240209;102110;57.240000000;300;9581701659;B
20240209;102110;57.240000000;200;9581701660;B
20240209;102110;57.240000000;100;9581701681;B
20240209;102110;57.240000000;300;9581701684;B
20240209;102110;57.240000000;200;9581701685;B
20240209;102110;57.240000000;100;9581701686;B
20240209;102110;57.240000000;300;9581701702;B
20240209;102110;57.240000000;200;9581701703;B
20240209;102110;57.240000000;100;9581701704;B
20240209;102110;57.240000000;200;9581701709;B
20240209;102110;57.240000000;200;9581701716;B
20240209;102111;57.240000000;100;9581701744;B
20240209;102111;57.240000000;200;9581701747;B
20240209;102111;57.240000000;100;9581701749;B
20240209;102111;57.240000000;100;9581701768;B
20240209;102111;57.225000000;300;9581701892;S
20240209;102111;57.220000000;1700;9581701893;S
20240209;102116;57.235000000;200;9581702449;B
20240209;102117;57.225000000;100;9581702768;S
20240209;102117;57.225000000;800;9581703519;B
20240209;102117;57.225000000;100;9581703795;B
20240209;102117;57.220000000;900;9581703828;S
20240209;102121;57.250000000;100;9581704171;B
20240209;102122;57.225000000;1000;9581704283;S
20240209;102122;57.250000000;300;9581704308;B
20240209;102122;57.250000000;200;9581704309;B
20240209;102127;57.225000000;700;9581704867;S
20240209;102127;57.225000000;300;9581704868;B
20240209;102130;57.225000000;1100;9581706168;S
20240209;102132;57.225000000;100;9581706449;B
20240209;102132;57.235000000;900;9581706450;B
20240209;102132;57.245000000;500;9581706451;B
20240209;102135;57.240000000;600;9581707679;B
20240209;102137;57.220000000;1000;9581707840;S
20240209;102141;57.225000000;100;9581708734;B
20240209;102141;57.220000000;3600;9581708777;S
20240209;102141;57.225000000;100;9581708790;B
20240209;102142;57.220000000;1000;9581708867;S
20240209;102147;57.220000000;1000;9581711640;S
20240209;102148;57.225000000;600;9581711743;B
20240209;102152;57.220000000;1000;9581712403;S
20240209;102154;57.220000000;100;9581712704;S
20240209;102157;57.245000000;300;9581714425;B
20240209;102157;57.220000000;1000;9581714508;S
20240209;102201;57.225000000;600;9581715048;B
20240209;102202;57.220000000;1000;9581715507;S
20240209;102203;57.220000000;1800;9581715680;S
20240209;102204;57.220000000;6800;9581715910;S
20240209;102204;57.220000000;100;9581715911;S
20240209;102207;57.200000000;1000;9581717242;S
20240209;102210;57.205000000;100;9581717748;B
20240209;102213;57.200000000;1000;9581718063;S
20240209;102214;57.210000000;600;9581719265;B
20240209;102214;57.200000000;1900;9581719946;S
20240209;102218;57.200000000;1000;9581720655;S
20240209;102219;57.210000000;400;9581721185;B
20240209;102222;57.205000000;100;9581722152;B
20240209;102223;57.200000000;1000;9581722755;S
20240209;102224;57.200000000;3100;9581722966;S
20240209;102224;57.200000000;300;9581722967;S
20240209;102224;57.200000000;100;9581723067;S
20240209;102224;57.200000000;231900;9581723068;S
20240209;102225;57.200000000;700;9581723273;S
20240209;102225;57.200000000;200;9581723291;S
20240209;102225;57.205000000;200;9581723311;B
20240209;102226;57.200000000;1300;9581723643;S
20240209;102226;57.200000000;200;9581723692;S
20240209;102227;57.200000000;200;9581723729;S
20240209;102227;57.205000000;500;9581723787;B
20240209;102227;57.200000000;100;9581723820;S
20240209;102227;57.200000000;2100;9581723831;S
20240209;102227;57.200000000;100;9581723842;S
20240209;102227;57.200000000;3200;9581723843;S
20240209;102227;57.200000000;600;9581723844;S
20240209;102228;57.200000000;1000;9581723885;S
20240209;102230;57.200000000;300;9581725199;S
20240209;102231;57.205000000;100;9581725218;B
20240209;102231;57.200000000;300;9581725278;S
20240209;102231;57.200000000;200;9581725289;S
20240209;102232;57.200000000;4500;9581725444;S
20240209;102232;57.200000000;3100;9581725445;S
20240209;102232;57.200000000;3100;9581725446;S
20240209;102232;57.200000000;200;9581725466;S
20240209;102233;57.200000000;1000;9581725507;S
20240209;102233;57.200000000;200;9581725529;S
20240209;102234;57.200000000;2400;9581725756;S
20240209;102234;57.200000000;100;9581725757;S
20240209;102235;57.200000000;1200;9581725839;S
20240209;102235;57.200000000;100;9581725924;S
20240209;102236;57.200000000;500;9581726162;S
20240209;102236;57.200000000;300;9581726174;S
20240209;102237;57.200000000;100;9581726321;S
20240209;102237;57.200000000;800;9581726403;S
20240209;102237;57.200000000;400;9581726423;S
20240209;102237;57.200000000;2000;9581726465;S
20240209;102238;57.200000000;1000;9581726651;S
20240209;102238;57.200000000;700;9581727217;S
20240209;102238;57.200000000;100;9581727286;S
20240209;102239;57.200000000;100;9581727403;S
20240209;102239;57.200000000;500;9581727404;S
20240209;102239;57.200000000;1200;9581727434;S
20240209;102239;57.200000000;1100;9581727491;S
20240209;102239;57.200000000;600;9581727513;S
20240209;102240;57.200000000;100;9581727582;S
20240209;102240;57.205000000;500;9581727624;B
20240209;102240;57.205000000;100;9581727625;B
20240209;102241;57.200000000;600;9581727906;S
20240209;102243;57.200000000;1000;9581729270;S
20240209;102244;57.200000000;600;9581729642;S
20240209;102244;57.200000000;1500;9581729643;S
20240209;102244;57.200000000;100;9581729734;S
20240209;102245;57.200000000;300;9581729968;S
20240209;102245;57.200000000;1000;9581730081;S
20240209;102248;57.200000000;1000;9581730311;S
20240209;102248;57.200000000;400;9581730560;S
20240209;102253;57.205000000;600;9581731090;B
20240209;102253;57.200000000;1000;9581731095;S
20240209;102255;57.200000000;4200;9581732123;S
20240209;102255;57.200000000;500;9581732904;S
20240209;102255;57.200000000;500;9581732905;S
20240209;102258;57.200000000;1000;9581733563;S
20240209;102258;57.200000000;1200;9581733606;S
20240209;102259;57.200000000;300;9581733702;S
20240209;102259;57.200000000;2000;9581733703;S
20240209;102301;57.200000000;1000;9581733863;S
20240209;102301;57.200000000;1000;9581733864;S
20240209;102301;57.200000000;400;9581733887;S
20240209;102302;57.200000000;200;9581734261;S
20240209;102303;57.200000000;100;9581734293;S
20240209;102303;57.200000000;1300;9581734294;S
20240209;102303;57.200000000;1000;9581734301;S
20240209;102303;57.200000000;100;9581734304;S
20240209;102304;57.200000000;1000;9581735018;S
20240209;102304;57.200000000;300;9581735024;S
20240209;102304;57.200000000;1600;9581735060;S
20240209;102305;57.205000000;300;9581735129;B
20240209;102306;57.205000000;600;9581735536;B
20240209;102307;57.200000000;800;9581736009;S
20240209;102307;57.200000000;300;9581736083;S
20240209;102308;57.200000000;1000;9581736277;S
20240209;102309;57.200000000;600;9581736387;S
20240209;102309;57.200000000;6300;9581736417;S
20240209;102309;57.200000000;200;9581736460;S
20240209;102309;57.200000000;800;9581736593;S
20240209;102309;57.200000000;400;9581736594;S
20240209;102309;57.200000000;300;9581736595;S
20240209;102309;57.200000000;100;9581736596;S
20240209;102309;57.200000000;400;9581736597;S
20240209;102309;57.200000000;400;9581736598;S
20240209;102309;57.200000000;100;9581736599;S
20240209;102309;57.200000000;400;9581736601;S
20240209;102310;57.200000000;100;9581736641;S
20240209;102310;57.200000000;400;9581736700;S
20240209;102311;57.200000000;100;9581736775;S
20240209;102311;57.200000000;6500;9581736833;S
20240209;102312;57.200000000;900;9581737102;S
20240209;102312;57.200000000;1500;9581737493;S
20240209;102312;57.200000000;400;9581737494;S
20240209;102313;57.200000000;500;9581737527;S
20240209;102313;57.200000000;300;9581737543;S
20240209;102313;57.200000000;1000;9581737562;S
20240209;102313;57.200000000;400;9581737572;S
20240209;102313;57.200000000;100;9581737601;S
20240209;102314;57.200000000;200;9581737673;S
20240209;102316;57.200000000;500;9581737800;S
20240209;102316;57.200000000;1200;9581737824;S
20240209;102316;57.200000000;1900;9581737825;S
20240209;102316;57.200000000;100;9581737836;S
20240209;102316;57.205000000;100;9581737857;B
20240209;102317;57.200000000;600;9581738428;S
20240209;102317;57.200000000;600;9581738468;S
20240209;102318;57.200000000;100;9581738489;S
20240209;102318;57.200000000;100;9581738587;S
20240209;102318;57.200000000;1000;9581738588;S
20240209;102318;57.200000000;1000;9581739155;S
20240209;102318;57.200000000;4500;9581739156;S
20240209;102318;57.200000000;200;9581739177;S
20240209;102318;57.200000000;300;9581739178;S
20240209;102319;57.205000000;600;9581739201;B
20240209;102319;57.200000000;100;9581739202;S
20240209;102319;57.200000000;1000;9581739253;S
20240209;102319;57.200000000;3900;9581739268;S
20240209;102319;57.200000000;900;9581739275;S
20240209;102319;57.200000000;1100;9581739289;S
20240209;102320;57.200000000;100;9581739329;S
20240209;102321;57.200000000;100;9581739404;S
20240209;102321;57.200000000;500;9581739410;S
20240209;102321;57.200000000;1100;9581739520;S
20240209;102322;57.200000000;200;9581739595;S
20240209;102322;57.200000000;200;9581739648;S
20240209;102322;57.205000000;1000;9581739650;B
20240209;102323;57.200000000;1000;9581739726;S
20240209;102323;57.200000000;400;9581739727;S
20240209;102323;57.200000000;300;9581740043;S
20240209;102324;57.200000000;1000;9581740123;S
20240209;102324;57.200000000;200;9581740137;S
20240209;102325;57.200000000;600;9581740150;S
20240209;102325;57.200000000;100;9581740166;S
20240209;102325;57.200000000;100;9581740227;S
20240209;102327;57.200000000;400;9581741210;S
20240209;102328;57.200000000;600;9581741385;S
20240209;102328;57.200000000;1000;9581741758;S
20240209;102329;57.200000000;100;9581742424;S
20240209;102329;57.200000000;100;9581742425;S
20240209;102330;57.200000000;1100;9581742474;S
20240209;102331;57.200000000;2300;9581742819;S
20240209;102331;57.200000000;300;9581742855;S
20240209;102332;57.205000000;600;9581742992;B
20240209;102332;57.200000000;100;9581743107;S
20240209;102333;57.200000000;400;9581743306;S
20240209;102333;57.200000000;100;9581743310;S
20240209;102333;57.200000000;1000;9581743371;S
20240209;102333;57.200000000;400;9581743384;S
20240209;102333;57.200000000;900;9581743404;S
20240209;102333;57.200000000;100;9581743423;S
20240209;102334;57.200000000;100;9581743586;S
20240209;102335;57.200000000;100;9581743645;S
20240209;102335;57.200000000;200;9581743679;S
20240209;102336;57.200000000;200;9581743810;S
20240209;102336;57.200000000;100;9581743854;S
20240209;102336;57.200000000;600;9581744201;S
20240209;102337;57.200000000;100;9581744289;S
20240209;102337;57.200000000;100;9581744315;S
20240209;102337;57.200000000;1700;9581744319;S
20240209;102338;57.200000000;1000;9581744426;S
20240209;102339;57.200000000;1000;9581744527;S
20240209;102340;57.200000000;600;9581744591;S
20240209;102341;57.200000000;900;9581745185;S
20240209;102341;57.200000000;100;9581745435;S
20240209;102342;57.200000000;400;9581745592;S
20240209;102343;57.200000000;400;9581745613;S
20240209;102343;57.200000000;1000;9581746374;S
20240209;102343;57.200000000;100;9581746432;S
20240209;102344;57.200000000;200;9581746483;S
20240209;102344;57.205000000;100;9581746792;B
20240209;102344;57.200000000;200;9581746863;S
20240209;102344;57.205000000;500;9581746868;B
20240209;102345;57.200000000;100;9581746889;S
20240209;102345;57.200000000;1000;9581746898;S
20240209;102345;57.200000000;100;9581747036;S
20240209;102346;57.200000000;2100;9581747080;S
20240209;102346;57.200000000;1500;9581747386;S
20240209;102346;57.200000000;500;9581747387;S
20240209;102346;57.200000000;3700;9581747388;S
20240209;102347;57.200000000;600;9581747475;S
20240209;102347;57.200000000;100;9581747513;S
20240209;102347;57.200000000;700;9581747528;S
20240209;102347;57.200000000;200;9581747561;S
20240209;102347;57.200000000;300;9581747576;S
20240209;102347;57.200000000;100;9581747577;S
20240209;102347;57.200000000;100;9581747580;S
20240209;102348;57.200000000;1000;9581747658;S
20240209;102350;57.200000000;400;9581748043;S
20240209;102350;57.200000000;200;9581748085;S
20240209;102351;57.200000000;500;9581748166;S
20240209;102351;57.200000000;300;9581748191;S
20240209;102352;57.200000000;100;9581748316;S
20240209;102352;57.205000000;1700;9581748368;B
20240209;102352;57.205000000;1000;9581748369;B
20240209;102352;57.210000000;700;9581748370;B
20240209;102352;57.220000000;1000;9581748371;B
20240209;102352;57.225000000;1000;9581748372;B
20240209;102352;57.225000000;200;9581748373;B
20240209;102352;57.225000000;3600;9581748374;B
20240209;102353;57.225000000;1000;9581748464;S
20240209;102354;57.225000000;100;9581748496;S
20240209;102356;57.240000000;100;9581749676;B
20240209;102357;57.240000000;600;9581749782;B
20240209;102401;57.225000000;1000;9581751498;S
20240209;102406;57.225000000;1000;9581752227;S
20240209;102410;57.235000000;600;9581754422;B
20240209;102411;57.225000000;1000;9581754720;S
20240209;102415;57.225000000;300;9581755684;S
20240209;102417;57.225000000;1000;9581755935;S
20240209;102423;57.245000000;400;9581758060;B
20240209;102423;57.245000000;200;9581758061;B
20240209;102423;57.225000000;1000;9581758069;S
20240209;102428;57.225000000;1000;9581759039;S
20240209;102436;57.235000000;100;9581760372;B
20240209;102436;57.240000000;200;9581760373;B
20240209;102436;57.245000000;300;9581760374;B
20240209;102436;57.225000000;1000;9581760394;S
20240209;102441;57.225000000;1000;9581762021;S
20240209;102444;57.225000000;4700;9581762226;S
20240209;102444;57.225000000;3200;9581762298;S
20240209;102444;57.225000000;300;9581762335;S
20240209;102444;57.225000000;100;9581762352;S
20240209;102445;57.225000000;200;9581762372;S
20240209;102445;57.225000000;300;9581762402;S
20240209;102445;57.225000000;1200;9581762425;S
20240209;102446;57.225000000;100;9581762471;S
20240209;102446;57.225000000;800;9581762487;S
20240209;102446;57.225000000;200;9581762491;S
20240209;102446;57.225000000;100;9581762509;S
20240209;102446;57.225000000;100;9581762516;S
20240209;102446;57.230000000;800;9581762542;B
20240209;102446;57.230000000;800;9581762543;B
20240209;102446;57.240000000;1300;9581762544;B
20240209;102446;57.240000000;2100;9581762545;B
20240209;102446;57.225000000;2200;9581762553;S
20240209;102447;57.225000000;100;9581762555;S
20240209;102447;57.225000000;100;9581762567;S
20240209;102447;57.225000000;3500;9581762599;S
20240209;102447;57.225000000;500;9581762630;S
20240209;102447;57.225000000;100;9581762634;S
20240209;102448;57.225000000;100;9581762697;S
20240209;102448;57.225000000;600;9581762709;S
20240209;102448;57.225000000;100;9581762710;S
20240209;102448;57.225000000;500;9581762711;S
20240209;102448;57.225000000;300;9581762726;S
20240209;102448;57.225000000;900;9581762765;S
20240209;102449;57.225000000;1600;9581762799;S
20240209;102449;57.225000000;100;9581762819;S
20240209;102449;57.230000000;600;9581762843;B
20240209;102449;57.225000000;100;9581762844;S
20240209;102450;57.225000000;500;9581762911;S
20240209;102451;57.225000000;200;9581762984;S
20240209;102451;57.230000000;100;9581763000;B
20240209;102451;57.225000000;200;9581763008;S
20240209;102451;57.225000000;2200;9581763016;S
20240209;102452;57.225000000;500;9581763031;S
20240209;102452;57.225000000;1000;9581763045;S
20240209;102452;57.225000000;1000;9581763051;S
20240209;102453;57.225000000;400;9581763169;S
20240209;102453;57.225000000;1000;9581763170;S
20240209;102453;57.225000000;2000;9581763171;S
20240209;102453;57.225000000;300;9581763172;S
20240209;102453;57.210000000;100;9581763197;S
20240209;102454;57.205000000;1700;9581763243;S
20240209;102454;57.205000000;600;9581763297;S
20240209;102455;57.205000000;700;9581763334;S
20240209;102456;57.200000000;1000;9581763493;S
20240209;102456;57.200000000;200;9581763494;S
20240209;102456;57.200000000;600;9581763495;S
20240209;102457;57.200000000;1000;9581763584;S
20240209;102459;57.200000000;1400;9581763746;S
20240209;102459;57.200000000;100;9581763747;S
20240209;102459;57.200000000;200;9581763748;S
20240209;102459;57.200000000;3200;9581763749;S
20240209;102459;57.200000000;600;9581763775;S
20240209;102459;57.200000000;500;9581763778;S
20240209;102459;57.200000000;300;9581763792;S
20240209;102459;57.200000000;100;9581763826;S
20240209;102500;57.200000000;500;9581763848;S
20240209;102500;57.200000000;800;9581763907;S
20240209;102501;57.200000000;1300;9581763953;S
20240209;102501;57.200000000;100;9581763968;S
20240209;102501;57.205000000;300;9581764086;B
20240209;102502;57.200000000;1000;9581764199;S
20240209;102502;57.205000000;500;9581764229;B
20240209;102503;57.200000000;1400;9581764325;S
20240209;102503;57.200000000;200;9581764326;S
20240209;102503;57.200000000;800;9581764333;S
20240209;102503;57.200000000;500;9581764335;S
20240209;102504;57.200000000;300;9581764377;S
20240209;102504;57.200000000;200;9581764402;S
20240209;102505;57.200000000;6600;9581764514;S
20240209;102505;57.200000000;700;9581764549;S
20240209;102505;57.200000000;100;9581764602;S
20240209;102505;57.200000000;600;9581764658;S
20240209;102505;57.200000000;600;9581764659;S
20240209;102505;57.200000000;100;9581764660;S
20240209;102505;57.200000000;7100;9581764661;S
20240209;102506;57.200000000;100;9581764692;S
20240209;102507;57.200000000;1000;9581764813;S
20240209;102507;57.200000000;1100;9581764842;S
20240209;102507;57.200000000;100;9581764843;S
20240209;102507;57.200000000;500;9581764857;S
20240209;102507;57.200000000;100;9581764863;S
20240209;102508;57.200000000;9800;9581764899;S
20240209;102508;57.200000000;1200;9581764922;S
20240209;102508;57.200000000;100;9581764939;S
20240209;102508;57.200000000;10000;9581764960;S
20240209;102509;57.200000000;900;9581764981;S
20240209;102509;57.200000000;100;9581765015;S
20240209;102509;57.200000000;200;9581765081;S
20240209;102512;57.200000000;1000;9581765303;S
20240209;102513;57.200000000;100;9581765407;S
20240209;102514;57.200000000;200;9581765658;S
20240209;102514;57.200000000;2000;9581765659;S
20240209;102514;57.200000000;500;9581765660;S
20240209;102514;57.200000000;600;9581765698;S
20240209;102514;57.200000000;100;9581765699;S
20240209;102515;57.200000000;400;9581765770;S
20240209;102515;57.205000000;600;9581765771;B
20240209;102517;57.200000000;1000;9581765980;S
20240209;102518;57.200000000;200;9581766090;S
20240209;102518;57.200000000;900;9581766111;S
20240209;102518;57.200000000;100;9581766112;S
20240209;102519;57.200000000;200;9581766284;S
20240209;102519;57.200000000;900;9581766287;S
20240209;102519;57.200000000;5000;9581766325;S
20240209;102521;57.200000000;100;9581766441;S
20240209;102522;57.200000000;1000;9581766571;S
20240209;102523;57.200000000;200;9581767100;S
20240209;102524;57.200000000;400;9581767301;S
20240209;102525;57.205000000;100;9581767322;B
20240209;102525;57.205000000;100;9581767372;B
20240209;102526;57.200000000;1000;9581767474;S
20240209;102526;57.200000000;500;9581767489;S
20240209;102526;57.200000000;100;9581767498;S
20240209;102527;57.200000000;1000;9581767592;S
20240209;102528;57.200000000;6200;9581767677;S
20240209;102528;57.205000000;600;9581767691;B
20240209;102532;57.200000000;600;9581768102;S
20240209;102532;57.205000000;1000;9581768106;B
20240209;102532;57.200000000;1000;9581768115;S
20240209;102532;57.200000000;1700;9581768131;S
20240209;102532;57.200000000;100;9581768132;S
20240209;102534;57.200000000;100;9581768482;S
20240209;102534;57.200000000;200;9581768483;S
20240209;102534;57.200000000;200;9581768484;S
20240209;102534;57.200000000;100;9581768494;S
20240209;102535;57.200000000;600;9581768663;S
20240209;102535;57.200000000;2200;9581768713;S
20240209;102536;57.200000000;600;9581768766;S
20240209;102537;57.200000000;1000;9581768834;S
20240209;102537;57.200000000;500;9581768840;S
20240209;102539;57.200000000;500;9581769067;S
20240209;102541;57.205000000;600;9581769287;B
20240209;102541;57.200000000;500;9581769288;S
20240209;102542;57.200000000;100;9581769336;S
20240209;102542;57.200000000;3500;9581769382;S
20240209;102542;57.200000000;700;9581769383;S
20240209;102542;57.200000000;6500;9581769384;S
20240209;102542;57.200000000;100;9581769421;S
20240209;102542;57.200000000;300;9581769449;S
20240209;102543;57.200000000;800;9581769466;S
20240209;102543;57.200000000;2200;9581769510;S
20240209;102543;57.200000000;100;9581769517;S
20240209;102551;57.205000000;800;9581770361;B
20240209;102552;57.200000000;1000;9581770483;S
20240209;102553;57.200000000;9800;9581770563;S
20240209;102554;57.205000000;400;9581770626;B
20240209;102554;57.205000000;200;9581770627;B
20240209;102554;57.205000000;100;9581770631;B
20240209;102557;57.200000000;1000;9581770954;S
20240209;102558;57.200000000;100;9581771044;S
20240209;102600;57.200000000;500;9581771344;S
20240209;102602;57.200000000;1000;9581771572;S
20240209;102603;57.205000000;100;9581771661;B
20240209;102607;57.205000000;600;9581771972;B
20240209;102607;57.200000000;1000;9581772053;S
20240209;102611;57.205000000;200;9581772406;B
20240209;102612;57.200000000;1000;9581772467;S
20240209;102617;57.200000000;1000;9581772939;S
20240209;102619;57.205000000;500;9581773121;B
20240209;102622;57.200000000;1000;9581773398;S
20240209;102624;57.200000000;2600;9581773606;S
20240209;102624;57.200000000;100;9581773607;S
20240209;102624;57.200000000;500;9581773608;S
20240209;102628;57.205000000;2100;9581773914;B
20240209;102632;57.205000000;600;9581774352;B
20240209;102635;57.205000000;100;9581774702;B
20240209;102637;57.200000000;1000;9581775134;S
20240209;102639;57.205000000;900;9581775326;B
20240209;102639;57.200000000;100;9581775374;S
20240209;102641;57.205000000;2100;9581775509;B
20240209;102642;57.205000000;1000;9581775604;S
20240209;102645;57.235000000;200;9581775975;B
20240209;102645;57.240000000;400;9581775976;B
20240209;102647;57.205000000;1000;9581776169;S
20240209;102652;57.210000000;1000;9581776596;S
20240209;102657;57.210000000;1000;9581777215;S
20240209;102658;57.240000000;300;9581777321;B
20240209;102658;57.240000000;300;9581777322;B
20240209;102700;57.210000000;1000;9581777459;S
20240209;102700;57.205000000;100;9581777460;S
20240209;102702;57.205000000;900;9581777670;S
20240209;102702;57.205000000;100;9581777671;S
20240209;102708;57.205000000;500;9581778126;S
20240209;102708;57.205000000;200;9581778127;S
20240209;102708;57.205000000;300;9581778128;S
20240209;102709;57.235000000;100;9581778181;B
20240209;102711;57.235000000;100;9581778337;B
20240209;102711;57.240000000;500;9581778338;B
20240209;102713;57.205000000;1000;9581778546;S
20240209;102718;57.215000000;700;9581779027;S
20240209;102718;57.215000000;300;9581779028;S
20240209;102723;57.215000000;700;9581779622;S
20240209;102724;57.210000000;300;9581779628;S
20240209;102724;57.240000000;200;9581779668;B
20240209;102724;57.240000000;300;9581779669;B
20240209;102727;57.215000000;100;9581779949;B
20240209;102728;57.235000000;100;9581780144;S
20240209;102728;57.235000000;900;9581780145;S
20240209;102732;57.240000000;100;9581780547;B
20240209;102733;57.235000000;100;9581780606;S
20240209;102733;57.235000000;400;9581780607;S
20240209;102734;57.220000000;500;9581780609;S
20240209;102735;57.220000000;300;9581780771;S
20240209;102737;57.240000000;600;9581781094;B
20240209;102738;57.220000000;700;9581781222;S
20240209;102738;57.220000000;300;9581781223;B
20240209;102743;57.220000000;500;9581781670;B
20240209;102743;57.215000000;1000;9581781699;S
20240209;102748;57.215000000;1000;9581782111;S
20240209;102750;57.235000000;500;9581782212;B
20240209;102750;57.240000000;100;9581782213;B
20240209;102752;57.240000000;1600;9581782376;B
20240209;102752;57.245000000;400;9581782377;B
20240209;102752;57.245000000;400;9581782378;B
20240209;102752;57.245000000;100;9581782379;B
20240209;102752;57.250000000;900;9581782380;B
20240209;102753;57.230000000;1000;9581782486;S
20240209;102754;57.230000000;1000;9581782539;S
20240209;102754;57.220000000;1000;9581782540;S
20240209;102754;57.220000000;300;9581782541;S
20240209;102754;57.215000000;3600;9581782542;S
20240209;102754;57.215000000;4100;9581782543;S
20240209;102756;57.220000000;1000;9581782675;S
20240209;102756;57.215000000;1000;9581782676;S
20240209;102756;57.215000000;1100;9581782677;S
20240209;102756;57.210000000;1000;9581782678;S
20240209;102756;57.210000000;3000;9581782679;S
20240209;102756;57.205000000;1000;9581782680;S
20240209;102756;57.205000000;1300;9581782681;S
20240209;102756;57.200000000;28000;9581782682;S
20240209;102756;57.200000000;1000;9581782683;S
20240209;102756;57.200000000;200;9581782684;S
20240209;102756;57.200000000;100;9581782685;S
20240209;102756;57.200000000;100;9581782686;S
20240209;102756;57.200000000;100;9581782687;S
20240209;102756;57.200000000;3500;9581782688;S
20240209;102756;57.200000000;1300;9581782689;S
20240209;102756;57.200000000;4300;9581782690;S
20240209;102759;57.215000000;100;9581782975;S
20240209;102759;57.205000000;1100;9581783117;S
20240209;102759;57.200000000;8800;9581783118;S
20240209;102759;57.200000000;100;9581783119;S
20240209;102800;57.200000000;900;9581783130;S
20240209;102803;57.220000000;100;9581783463;B
20240209;102803;57.220000000;200;9581783464;B
20240209;102803;57.225000000;300;9581783465;B
20240209;102804;57.200000000;1000;9581783533;S
20240209;102809;57.200000000;1000;9581784178;S
20240209;102814;57.200000000;1000;9581784702;S
20240209;102816;57.220000000;400;9581784936;B
20240209;102816;57.220000000;100;9581784937;B
20240209;102816;57.220000000;100;9581784938;B
20240209;102818;57.225000000;200;9581785182;B
20240209;102818;57.240000000;800;9581785183;B
20240209;102819;57.215000000;1000;9581785197;S
20240209;102823;57.210000000;200;9581785507;S
20240209;102829;57.210000000;1000;9581786001;S
20240209;102829;57.225000000;100;9581786023;B
20240209;102829;57.230000000;500;9581786024;B
20240209;102834;57.210000000;1000;9581786542;S
20240209;102836;57.210000000;1000;9581786723;S
20240209;102836;57.210000000;200;9581786724;S
20240209;102836;57.205000000;2000;9581786725;S
20240209;102836;57.205000000;1300;9581786726;S
20240209;102836;57.205000000;200;9581786727;S
20240209;102836;57.205000000;100;9581786728;S
20240209;102836;57.200000000;5200;9581786729;S
20240209;102839;57.200000000;1000;9581786895;S
20240209;102842;57.225000000;500;9581787272;B
20240209;102844;57.205000000;1000;9581787532;S
20240209;102848;57.225000000;300;9581788135;B
20240209;102849;57.205000000;1000;9581788187;S
20240209;102854;57.200000000;1000;9581788719;S
20240209;102855;57.225000000;600;9581788773;B
20240209;102859;57.200000000;1000;9581789185;S
20240209;102904;57.205000000;1000;9581789677;S
20240209;102907;57.225000000;100;9581789966;B
20240209;102907;57.225000000;100;9581789967;B
20240209;102907;57.230000000;400;9581789968;B
20240209;102909;57.215000000;1000;9581790063;S
20240209;102914;57.215000000;1000;9581790608;S
20240209;102917;57.230000000;900;9581791021;B
20240209;102919;57.215000000;1000;9581791129;S
20240209;102920;57.230000000;200;9581791382;B
20240209;102920;57.230000000;400;9581791383;B
20240209;102924;57.215000000;900;9581791680;S
20240209;102924;57.215000000;100;9581791681;B
20240209;102929;57.215000000;900;9581792146;S
20240209;102929;57.215000000;100;9581792147;S
20240209;102933;57.230000000;100;9581792663;B
20240209;102933;57.230000000;200;9581792664;B
20240209;102933;57.230000000;300;9581792665;B
20240209;102934;57.215000000;1000;9581792727;S
20240209;102939;57.235000000;200;9581793089;B
20240209;102939;57.235000000;200;9581793090;B
20240209;102939;57.240000000;800;9581793091;B
20240209;102939;57.240000000;200;9581793092;B
20240209;102939;57.240000000;1100;9581793093;B
20240209;102939;57.245000000;700;9581793094;B
20240209;102939;57.250000000;500;9581793095;B
20240209;102939;57.250000000;100;9581793096;B
20240209;102939;57.250000000;100;9581793097;B
20240209;102939;57.250000000;100;9581793098;B
20240209;102939;57.255000000;2600;9581793099;B
20240209;102939;57.260000000;900;9581793130;S
20240209;102940;57.255000000;100;9581793157;S
20240209;102944;57.260000000;1000;9581793613;S
20240209;102946;57.270000000;400;9581793762;B
20240209;102946;57.270000000;100;9581793843;B
20240209;102946;57.280000000;500;9581793844;B
20240209;102949;57.260000000;900;9581794159;S
20240209;102949;57.260000000;100;9581794160;B
20240209;102959;57.260000000;1000;9581795147;S
20240209;102959;57.285000000;500;9581795149;B
20240209;103001;57.285000000;100;9581795437;B
20240209;103004;57.260000000;1000;9581795663;S
20240209;103009;57.255000000;1000;9581796361;S
20240209;103012;57.260000000;500;9581796665;B
20240209;103012;57.260000000;100;9581796666;B
20240209;103014;57.255000000;1000;9581796868;S
20240209;103019;57.260000000;100;9581797318;B
20240209;103019;57.255000000;1000;9581797363;S
20240209;103021;57.265000000;500;9581797499;B
20240209;103022;57.270000000;3600;9581797673;B
20240209;103022;57.275000000;3000;9581797674;B
20240209;103022;57.275000000;1100;9581797675;B
20240209;103022;57.275000000;4000;9581797676;B
20240209;103022;57.280000000;1000;9581797677;B
20240209;103022;57.280000000;2000;9581797678;B
20240209;103022;57.285000000;400;9581797679;B
20240209;103022;57.285000000;1000;9581797680;B
20240209;103022;57.285000000;1300;9581797681;B
20240209;103022;57.285000000;500;9581797682;B
20240209;103022;57.290000000;1300;9581797683;B
20240209;103022;57.290000000;1000;9581797684;B
20240209;103022;57.295000000;3000;9581797685;B
20240209;103022;57.295000000;1300;9581797686;B
20240209;103022;57.295000000;4300;9581797687;B
20240209;103022;57.300000000;2000;9581797688;B
20240209;103022;57.300000000;1000;9581797689;B
20240209;103022;57.300000000;100;9581797690;B
20240209;103022;57.305000000;300;9581797691;B
20240209;103022;57.305000000;2600;9581797692;B
20240209;103024;57.260000000;1000;9581797877;S
20240209;103025;57.280000000;600;9581797961;B
20240209;103029;57.255000000;1000;9581798461;S
20240209;103036;57.260000000;100;9581799139;S
20240209;103037;57.255000000;900;9581799258;S
20240209;103038;57.275000000;600;9581799386;B
20240209;103041;57.255000000;1000;9581799718;S
20240209;103043;57.275000000;100;9581800030;B
20240209;103046;57.255000000;1000;9581800242;S
20240209;103051;57.255000000;1000;9581800750;S
20240209;103051;57.275000000;300;9581800778;B
20240209;103051;57.280000000;300;9581800779;B
20240209;103057;57.255000000;1000;9581801433;S
20240209;103057;57.275000000;400;9581801462;B
20240209;103102;57.255000000;1000;9581801835;S
20240209;103104;57.275000000;500;9581802015;B
20240209;103107;57.255000000;1000;9581802730;S
20240209;103111;57.255000000;32400;9581803112;S
20240209;103111;57.250000000;100;9581803140;S
20240209;103111;57.250000000;600;9581803141;S
20240209;103111;57.250000000;200;9581803181;S
20240209;103112;57.240000000;1000;9581803248;S
20240209;103113;57.245000000;700;9581803348;B
20240209;103117;57.245000000;600;9581803759;B
20240209;103117;57.230000000;1000;9581803786;S
20240209;103122;57.220000000;1000;9581804263;S
20240209;103127;57.220000000;800;9581804746;S
20240209;103127;57.215000000;200;9581804747;S
20240209;103130;57.250000000;600;9581805039;B
20240209;103132;57.230000000;100;9581805291;S
20240209;103133;57.220000000;900;9581805363;S
20240209;103133;57.220000000;1000;9581805403;S
20240209;103133;57.245000000;1400;9581805429;B
20240209;103133;57.250000000;400;9581805430;B
20240209;103137;57.220000000;1000;9581805817;S
20240209;103142;57.220000000;1000;9581806275;S
20240209;103143;57.250000000;600;9581806293;B
20240209;103144;57.220000000;400;9581806383;S
20240209;103144;57.215000000;200;9581806384;S
20240209;103147;57.225000000;300;9581806691;S
20240209;103148;57.225000000;700;9581806715;S
20240209;103148;57.215000000;1300;9581806762;S
20240209;103148;57.215000000;1400;9581806763;S
20240209;103148;57.215000000;4300;9581806764;S
20240209;103148;57.210000000;800;9581806765;S
20240209;103152;57.215000000;1000;9581807168;S
20240209;103155;57.215000000;400;9581807408;S
20240209;103155;57.210000000;500;9581807409;S
20240209;103155;57.210000000;1600;9581807410;S
20240209;103155;57.235000000;600;9581807483;B
20240209;103157;57.210000000;1000;9581807702;S
20240209;103202;57.205000000;200;9581808233;S
20240209;103202;57.205000000;800;9581808234;S
20240209;103206;57.205000000;200;9581808687;S
20240209;103206;57.205000000;100;9581808688;S
20240209;103206;57.205000000;300;9581808689;S
20240209;103206;57.205000000;100;9581808838;S
20240209;103206;57.205000000;100;9581808839;S
20240209;103206;57.200000000;100;9581808914;S
20240209;103206;57.200000000;1600;9581808915;S
20240209;103206;57.200000000;1500;9581808916;S
20240209;103207;57.200000000;6100;9581808921;S
20240209;103207;57.200000000;800;9581808966;S
20240209;103207;57.200000000;200;9581808967;S
20240209;103207;57.200000000;800;9581808968;S
20240209;103207;57.200000000;500;9581808969;S
20240209;103207;57.200000000;100;9581808970;S
20240209;103207;57.200000000;1000;9581808971;S
20240209;103207;57.200000000;1000;9581808972;S
20240209;103207;57.200000000;300;9581808973;S
20240209;103207;57.200000000;2400;9581808974;S
20240209;103207;57.200000000;1700;9581808981;S
20240209;103207;57.200000000;100;9581809024;S
20240209;103207;57.200000000;1000;9581809034;S
20240209;103208;57.200000000;500;9581809130;S
20240209;103208;57.200000000;3000;9581809131;S
20240209;103208;57.205000000;600;9581809165;B
20240209;103208;57.200000000;100;9581809166;S
20240209;103209;57.200000000;1200;9581809286;S
20240209;103209;57.200000000;1200;9581809287;S
20240209;103209;57.200000000;2400;9581809288;S
20240209;103209;57.200000000;400;9581809289;S
20240209;103210;57.200000000;200;9581809325;S
20240209;103210;57.200000000;300;9581809341;S
20240209;103210;57.200000000;100;9581809347;S
20240209;103210;57.200000000;100;9581809368;S
20240209;103211;57.200000000;600;9581809500;S
20240209;103212;57.205000000;200;9581809527;B
20240209;103212;57.200000000;100;9581809572;S
20240209;103212;57.200000000;100;9581809573;S
20240209;103212;57.200000000;200;9581809606;S
20240209;103212;57.200000000;700;9581809620;S
20240209;103212;57.200000000;1000;9581809649;S
20240209;103213;57.200000000;1000;9581809718;S
20240209;103214;57.200000000;500;9581809763;S
20240209;103214;57.200000000;300;9581809777;S
20240209;103214;57.200000000;200;9581809786;S
20240209;103214;57.200000000;300;9581809802;S
20240209;103214;57.200000000;300;9581809812;S
20240209;103215;57.200000000;6000;9581809914;S
20240209;103216;57.200000000;500;9581810008;S
20240209;103217;57.200000000;2000;9581810044;S
20240209;103217;57.200000000;1500;9581810062;S
20240209;103217;57.200000000;6700;9581810063;S
20240209;103217;57.200000000;600;9581810124;S
20240209;103217;57.200000000;1600;9581810150;S
20240209;103217;57.200000000;1000;9581810151;S
20240209;103218;57.200000000;100;9581810275;S
