<DATE>;<TIME>;<LAST>;<VOL>;<ID>;<OPER>
20240220;095946;61.190000000;100;9654079828;S
20240220;095946;61.190000000;100;9654079829;B
20240220;095946;61.190000000;1500;9654079830;B
20240220;095946;61.190000000;100;9654079831;B
20240220;095946;61.190000000;100;9654079832;B
20240220;095946;61.190000000;3100;9654079833;B
20240220;095946;61.190000000;1200;9654079834;B
20240220;095946;61.190000000;100;9654079835;B
20240220;095946;61.190000000;100;9654079836;B
20240220;095946;61.190000000;100;9654079837;S
20240220;095946;61.190000000;400;9654079838;S
20240220;095946;61.190000000;100;9654079839;S
20240220;095946;61.190000000;100;9654079840;B
20240220;095946;61.190000000;100;9654079841;B
20240220;095946;61.190000000;100;9654079842;B
20240220;095946;61.190000000;100;9654079843;B
20240220;095946;61.190000000;100;9654079844;B
20240220;095946;61.190000000;200;9654079845;S
20240220;095946;61.190000000;200;9654079846;S
20240220;095946;61.190000000;600;9654079847;S
20240220;095946;61.190000000;1900;9654079848;S
20240220;095946;61.190000000;100;9654079849;B
20240220;095946;61.190000000;100;9654079850;B
20240220;095946;61.190000000;800;9654079851;B
20240220;095946;61.190000000;100;9654079852;B
20240220;095946;61.190000000;2000;9654079853;S
20240220;095946;61.190000000;300;9654079854;S
20240220;095946;61.190000000;500;9654079855;S
20240220;095946;61.190000000;100;9654079856;S
20240220;095946;61.190000000;100;9654079857;S
20240220;095946;61.190000000;300;9654079858;S
20240220;095946;61.190000000;1500;9654079859;S
20240220;095946;61.190000000;1000;9654079860;S
20240220;095946;61.190000000;100;9654079861;S
20240220;095946;61.190000000;1000;9654079862;S
20240220;095946;61.190000000;100;9654079863;S
20240220;095946;61.190000000;100;9654079864;B
20240220;095946;61.190000000;500;9654079865;B
20240220;100001;61.165000000;800;9654084358;S
20240220;100001;61.180000000;100;9654084750;B
20240220;100002;61.165000000;100;9654085178;S
20240220;100002;61.165000000;100;9654085402;S
20240220;100002;61.165000000;100;9654085407;S
20240220;100002;61.180000000;200;9654085843;S
20240220;100002;61.180000000;1400;9654085865;S
20240220;100004;61.175000000;400;9654087853;B
20240220;100004;61.180000000;200;9654087875;B
20240220;100005;61.175000000;300;9654089261;B
20240220;100006;61.165000000;300;9654090676;S
20240220;100006;61.165000000;100;9654090677;S
20240220;100006;61.185000000;100;9654090687;B
20240220;100006;61.165000000;200;9654091492;S
20240220;100007;61.165000000;3300;9654092360;S
20240220;100007;61.165000000;100;9654092361;S
20240220;100008;61.185000000;100;9654092758;B
20240220;100009;61.150000000;100;9654093258;S
20240220;100009;61.145000000;100;9654093259;S
20240220;100009;61.145000000;900;9654093424;S
20240220;100009;61.130000000;100;9654093425;S
20240220;100010;61.150000000;300;9654094271;B
20240220;100010;61.150000000;200;9654094530;B
20240220;100011;61.155000000;100;9654094813;B
20240220;100011;61.150000000;200;9654094901;B
20240220;100011;61.120000000;100;9654094938;S
20240220;100011;61.120000000;100;9654094939;S
20240220;100011;61.105000000;100;9654094940;S
20240220;100011;61.105000000;100;9654094941;S
20240220;100011;61.100000000;200;9654094942;S
20240220;100011;61.100000000;200;9654094943;S
20240220;100011;61.095000000;3000;9654094944;S
20240220;100011;61.090000000;3100;9654094945;S
20240220;100011;61.080000000;300;9654094948;S
20240220;100011;61.075000000;100;9654094949;S
20240220;100011;61.075000000;4000;9654094950;S
20240220;100011;61.070000000;800;9654094951;S
20240220;100011;61.070000000;200;9654094952;S
20240220;100011;61.065000000;800;9654094953;S
20240220;100011;61.065000000;100;9654094954;S
20240220;100011;61.065000000;200;9654094955;S
20240220;100011;61.060000000;1000;9654094956;S
20240220;100011;61.060000000;2400;9654094957;S
20240220;100011;61.145000000;200;9654095035;B
20240220;100011;61.070000000;300;9654095133;S
20240220;100011;61.165000000;3300;9654095307;B
20240220;100011;61.165000000;7000;9654095308;B
20240220;100011;61.165000000;6000;9654095309;B
20240220;100011;61.170000000;800;9654095310;B
20240220;100011;61.170000000;5000;9654095311;B
20240220;100011;61.170000000;200;9654095312;B
20240220;100011;61.170000000;1900;9654095313;B
20240220;100011;61.170000000;3300;9654095314;B
20240220;100011;61.180000000;3300;9654095441;B
20240220;100011;61.185000000;300;9654095442;B
20240220;100012;61.090000000;6000;9654095705;S
20240220;100012;61.085000000;300;9654095706;S
20240220;100012;61.080000000;3300;9654095707;S
20240220;100012;61.075000000;400;9654095708;S
20240220;100012;61.080000000;100;9654095740;S
20240220;100012;61.080000000;700;9654095988;S
20240220;100012;61.075000000;400;9654096028;S
20240220;100012;61.075000000;3200;9654096039;S
20240220;100012;61.070000000;300;9654096040;S
20240220;100012;61.060000000;100;9654096041;S
20240220;100012;61.060000000;5400;9654096042;S
20240220;100013;61.075000000;4000;9654096207;S
20240220;100013;61.060000000;1000;9654096208;S
20240220;100014;61.060000000;600;9654096835;S
20240220;100014;61.135000000;2000;9654097141;B
20240220;100017;61.165000000;300;9654098222;B
20240220;100017;61.170000000;100;9654098223;B
20240220;100021;61.150000000;100;9654099567;B
20240220;100024;61.140000000;100;9654101254;B
20240220;100024;61.160000000;200;9654101767;B
20240220;100024;61.160000000;200;9654101768;B
20240220;100030;61.155000000;1000;9654103529;B
20240220;100030;61.155000000;200;9654103530;B
20240220;100030;61.180000000;300;9654103531;B
20240220;100030;61.180000000;500;9654103676;B
20240220;100030;61.180000000;400;9654103677;B
20240220;100030;61.185000000;1800;9654103678;B
20240220;100031;61.190000000;100;9654104310;B
20240220;100039;61.180000000;200;9654106868;S
20240220;100039;61.175000000;200;9654106869;S
20240220;100039;61.170000000;300;9654106870;S
20240220;100039;61.165000000;1300;9654106871;S
20240220;100043;61.175000000;100;9654107875;S
20240220;100043;61.170000000;200;9654107876;S
20240220;100043;61.170000000;100;9654107877;S
20240220;100043;61.165000000;3700;9654107878;S
20240220;100043;61.160000000;300;9654107879;S
20240220;100043;61.150000000;2500;9654107880;S
20240220;100049;61.155000000;100;9654109196;S
20240220;100049;61.155000000;1000;9654109254;S
20240220;100049;61.155000000;3900;9654109256;S
20240220;100049;61.150000000;900;9654109257;S
20240220;100049;61.145000000;300;9654109258;S
20240220;100049;61.110000000;1500;9654109259;S
20240220;100049;61.100000000;100;9654109260;S
20240220;100049;61.100000000;500;9654109261;S
20240220;100049;61.090000000;3300;9654109262;S
20240220;100049;61.090000000;2000;9654109263;S
20240220;100049;61.085000000;2200;9654109264;S
20240220;100049;61.080000000;800;9654109265;S
20240220;100049;61.075000000;1600;9654109266;S
20240220;100049;61.070000000;4000;9654109267;S
20240220;100049;61.070000000;200;9654109268;S
20240220;100049;61.065000000;13000;9654109269;S
20240220;100049;61.060000000;400;9654109270;S
20240220;100049;61.060000000;20400;9654109271;S
20240220;100049;61.055000000;2200;9654109272;S
20240220;100049;61.050000000;100;9654109273;S
20240220;100049;61.050000000;100;9654109274;S
20240220;100049;61.050000000;10000;9654109275;S
20240220;100049;61.040000000;3200;9654109276;S
20240220;100049;61.055000000;2300;9654109296;S
20240220;100049;61.050000000;100;9654109304;S
20240220;100050;61.120000000;2200;9654109535;S
20240220;100051;61.050000000;700;9654109714;S
20240220;100052;61.065000000;300;9654110000;S
20240220;100054;61.140000000;100;9654110516;B
20240220;100055;61.135000000;800;9654110867;B
20240220;100055;61.135000000;200;9654110868;B
20240220;100055;61.135000000;300;9654110869;B
20240220;100055;61.140000000;2600;9654110878;B
20240220;100055;61.115000000;3000;9654110900;S
20240220;100056;61.115000000;300;9654111029;S
20240220;100056;61.120000000;1000;9654111346;S
20240220;100057;61.070000000;400;9654111498;S
20240220;100057;61.065000000;200;9654111499;S
20240220;100057;61.065000000;300;9654111500;S
20240220;100057;61.060000000;300;9654111501;S
20240220;100100;61.065000000;100;9654112484;S
20240220;100101;61.150000000;4600;9654112580;B
20240220;100118;61.145000000;2600;9654116681;B
20240220;100119;61.105000000;1200;9654117102;S
20240220;100119;61.100000000;300;9654117103;S
20240220;100119;61.090000000;3300;9654117104;S
20240220;100119;61.090000000;2700;9654117105;S
20240220;100119;61.085000000;3300;9654117106;S
20240220;100119;61.065000000;3300;9654117107;S
20240220;100119;61.065000000;100;9654117108;S
20240220;100119;61.060000000;100;9654117109;S
20240220;100119;61.040000000;400;9654117110;S
20240220;100119;61.040000000;800;9654117111;S
20240220;100119;61.035000000;300;9654117112;S
20240220;100119;61.030000000;200;9654117113;S
20240220;100119;61.020000000;200;9654117114;S
20240220;100119;61.020000000;1200;9654117115;S
20240220;100119;61.015000000;1000;9654117116;S
20240220;100119;61.015000000;4000;9654117117;S
20240220;100119;61.015000000;4600;9654117118;S
20240220;100119;61.010000000;100;9654117119;S
20240220;100119;61.010000000;5000;9654117120;S
20240220;100119;61.010000000;1000;9654117121;S
20240220;100119;61.010000000;2000;9654117122;S
20240220;100119;61.010000000;200;9654117123;S
20240220;100119;61.005000000;100;9654117124;S
20240220;100119;61.005000000;100;9654117125;S
20240220;100119;61.005000000;500;9654117126;S
20240220;100119;61.005000000;3300;9654117127;S
20240220;100119;61.005000000;500;9654117128;S
20240220;100119;61.000000000;100;9654117129;S
20240220;100119;61.000000000;100;9654117130;S
20240220;100119;61.005000000;100;9654117131;S
20240220;100119;61.005000000;100;9654117132;S
20240220;100119;61.005000000;1000;9654117133;S
20240220;100119;61.005000000;1400;9654117134;S
20240220;100119;61.000000000;2000;9654117135;S
20240220;100119;61.000000000;100;9654117136;S
20240220;100119;61.000000000;100;9654117137;S
20240220;100119;61.000000000;1100;9654117138;S
20240220;100119;61.000000000;200;9654117139;S
20240220;100119;61.000000000;900;9654117140;S
20240220;100119;61.000000000;500;9654117141;S
20240220;100120;61.010000000;200;9654117155;S
20240220;100120;61.010000000;400;9654117156;S
20240220;100120;61.005000000;1900;9654117157;S
20240220;100120;61.000000000;100;9654117161;S
20240220;100120;61.115000000;300;9654117165;B
20240220;100120;61.120000000;700;9654117166;B
20240220;100120;61.005000000;700;9654117168;S
20240220;100120;61.000000000;100;9654117169;S
20240220;100120;61.000000000;200;9654117170;S
20240220;100120;61.000000000;200;9654117171;S
20240220;100120;61.000000000;100;9654117172;S
20240220;100120;61.000000000;100;9654117173;S
20240220;100120;61.000000000;100;9654117174;S
20240220;100120;61.000000000;13700;9654117175;S
20240220;100120;61.000000000;100;9654117176;S
20240220;100120;61.000000000;1000;9654117177;S
20240220;100120;61.000000000;100;9654117178;S
20240220;100120;61.000000000;1000;9654117179;S
20240220;100120;61.000000000;100;9654117180;S
20240220;100120;61.000000000;30000;9654117181;S
20240220;100120;61.000000000;200;9654117182;S
20240220;100120;61.000000000;1000;9654117183;S
20240220;100120;61.000000000;1200;9654117184;S
20240220;100120;61.000000000;300;9654117186;S
20240220;100120;61.000000000;200;9654117189;S
20240220;100120;61.000000000;200;9654117190;S
20240220;100120;61.000000000;100;9654117191;S
20240220;100120;60.990000000;500;9654117192;S
20240220;100120;61.000000000;400;9654117274;B
20240220;100120;61.000000000;300;9654117289;B
20240220;100120;61.000000000;500;9654117323;S
20240220;100120;61.000000000;1000;9654117324;B
20240220;100120;61.000000000;100;9654117325;B
20240220;100120;60.990000000;1000;9654117326;S
20240220;100120;61.080000000;200;9654117328;B
20240220;100120;61.000000000;1600;9654117329;B
20240220;100120;60.990000000;1100;9654117330;S
20240220;100120;60.990000000;7000;9654117331;B
20240220;100120;60.990000000;600;9654117332;B
20240220;100120;61.005000000;100;9654117334;S
20240220;100120;60.980000000;100;9654117336;S
20240220;100120;60.980000000;1000;9654117337;S
20240220;100120;60.980000000;100;9654117338;S
20240220;100120;60.970000000;200;9654117339;S
20240220;100120;60.980000000;100;9654117340;B
20240220;100120;60.980000000;300;9654117341;B
20240220;100120;60.970000000;300;9654117342;S
20240220;100120;60.970000000;400;9654117343;S
20240220;100120;60.965000000;300;9654117344;S
20240220;100120;60.965000000;200;9654117345;S
20240220;100120;60.965000000;100;9654117346;S
20240220;100120;60.965000000;2400;9654117347;S
20240220;100120;60.960000000;100;9654117348;S
20240220;100120;60.960000000;400;9654117349;S
20240220;100120;60.955000000;1000;9654117350;S
20240220;100120;60.955000000;100;9654117351;S
20240220;100120;60.950000000;100;9654117352;S
20240220;100120;60.950000000;900;9654117353;S
20240220;100120;60.960000000;1400;9654117354;S
20240220;100120;60.950000000;100;9654117355;S
20240220;100120;60.950000000;900;9654117356;S
20240220;100120;60.945000000;600;9654117357;S
20240220;100120;61.005000000;100;9654117369;S
20240220;100120;61.005000000;300;9654117370;S
20240220;100120;60.945000000;1300;9654117371;S
20240220;100120;60.945000000;400;9654117372;S
20240220;100120;60.940000000;4000;9654117373;S
20240220;100120;60.940000000;3200;9654117374;S
20240220;100120;60.935000000;2000;9654117375;S
20240220;100120;60.920000000;100;9654117376;S
20240220;100120;60.920000000;100;9654117377;S
20240220;100120;60.915000000;3300;9654117378;S
20240220;100120;60.910000000;200;9654117379;S
20240220;100120;60.905000000;1000;9654117380;S
20240220;100120;60.905000000;6600;9654117381;S
20240220;100120;60.905000000;1000;9654117382;S
20240220;100120;60.905000000;200;9654117383;S
20240220;100120;60.900000000;4000;9654117384;S
20240220;100120;60.900000000;200;9654117385;S
20240220;100120;60.900000000;200;9654117386;S
20240220;100120;60.900000000;100;9654117387;S
20240220;100120;60.880000000;5000;9654117388;S
20240220;100120;60.880000000;100;9654117389;S
20240220;100120;60.850000000;20000;9654117390;S
20240220;100120;60.850000000;16600;9654117391;S
20240220;100120;60.930000000;500;9654117392;S
20240220;100120;60.930000000;500;9654117393;S
20240220;100120;60.930000000;1000;9654117394;S
20240220;100120;60.930000000;100;9654117395;S
20240220;100120;60.930000000;100;9654117396;S
20240220;100120;60.925000000;100;9654117398;S
20240220;100120;61.000000000;500;9654117400;B
20240220;100120;60.925000000;700;9654117401;S
20240220;100120;60.910000000;100;9654117402;S
20240220;100120;60.910000000;600;9654117404;S
20240220;100120;60.910000000;1600;9654117406;S
20240220;100120;60.910000000;200;9654117439;S
20240220;100120;60.995000000;100;9654117440;B
20240220;100120;60.945000000;200;9654117451;B
20240220;100121;60.910000000;600;9654117463;S
20240220;100121;60.910000000;400;9654117465;S
20240220;100121;60.910000000;500;9654117467;S
20240220;100121;60.875000000;4000;9654117468;S
20240220;100121;60.870000000;400;9654117469;S
20240220;100121;60.850000000;6600;9654117470;S
20240220;100121;60.885000000;1300;9654117478;S
20240220;100121;60.940000000;100;9654117479;B
20240220;100121;60.940000000;200;9654117518;B
20240220;100121;60.940000000;100;9654117534;B
20240220;100121;60.920000000;200;9654117552;S
20240220;100121;60.895000000;400;9654117553;S
20240220;100121;60.895000000;200;9654117558;S
20240220;100121;60.930000000;100;9654117585;S
20240220;100121;60.900000000;500;9654117586;S
20240220;100121;60.940000000;400;9654117587;B
20240220;100121;60.945000000;2600;9654117588;B
20240220;100121;60.900000000;100;9654117589;S
20240220;100121;60.945000000;1700;9654117594;B
20240220;100121;60.900000000;200;9654117595;S
20240220;100121;60.895000000;1400;9654117596;S
20240220;100121;60.855000000;200;9654117597;S
20240220;100121;60.895000000;2000;9654117598;S
20240220;100121;60.890000000;500;9654117599;S
20240220;100121;60.890000000;500;9654117600;S
20240220;100121;60.935000000;200;9654117601;B
20240220;100121;60.875000000;500;9654117602;S
20240220;100121;60.870000000;1000;9654117604;S
20240220;100121;60.870000000;400;9654117605;S
20240220;100121;60.865000000;400;9654117606;S
20240220;100121;60.865000000;1400;9654117607;S
20240220;100121;60.865000000;500;9654117608;S
20240220;100121;60.900000000;300;9654117609;B
20240220;100121;60.935000000;200;9654117610;B
20240220;100121;60.940000000;2500;9654117611;B
20240220;100121;60.860000000;500;9654117621;S
20240220;100121;60.860000000;500;9654117622;S
20240220;100121;60.900000000;500;9654117640;S
20240220;100121;60.890000000;1600;9654117641;B
20240220;100122;60.935000000;4500;9654117686;B
20240220;100122;60.920000000;500;9654117699;S
20240220;100122;60.930000000;100;9654117714;S
20240220;100122;60.935000000;600;9654117724;S
20240220;100122;60.935000000;1000;9654117726;S
20240220;100122;60.935000000;500;9654117739;S
20240220;100122;60.940000000;400;9654117764;B
20240220;100122;60.950000000;2900;9654117765;B
20240220;100123;60.950000000;2200;9654117820;B
20240220;100123;60.950000000;12000;9654117859;B
20240220;100124;60.935000000;100;9654118093;S
20240220;100126;60.950000000;100;9654118431;B
20240220;100130;60.940000000;200;9654119123;S
20240220;100132;60.940000000;100;9654119594;S
20240220;100132;60.935000000;400;9654119607;S
20240220;100132;60.935000000;100;9654119701;S
20240220;100135;60.935000000;2700;9654120291;S
20240220;100135;60.930000000;3200;9654120292;S
20240220;100135;60.930000000;200;9654120293;S
20240220;100135;60.930000000;400;9654120294;S
20240220;100135;60.920000000;13500;9654120295;S
20240220;100137;60.945000000;400;9654120653;B
20240220;100137;60.950000000;2800;9654120654;B
20240220;100137;60.955000000;200;9654120655;B
20240220;100137;60.960000000;200;9654120656;B
20240220;100137;60.960000000;200;9654120657;B
20240220;100137;60.965000000;1300;9654120658;B
20240220;100137;60.970000000;4900;9654120659;B
20240220;100138;60.970000000;100;9654120746;B
20240220;100145;60.940000000;200;9654122362;B
20240220;100145;60.945000000;100;9654122363;B
20240220;100145;60.950000000;1300;9654122364;B
20240220;100150;60.925000000;400;9654123358;S
20240220;100150;60.920000000;600;9654123359;S
20240220;100150;60.950000000;2700;9654123470;B
20240220;100150;60.950000000;4500;9654123471;B
20240220;100150;60.950000000;400;9654123472;B
20240220;100150;60.960000000;3300;9654123473;B
20240220;100150;60.965000000;2500;9654123474;B
20240220;100150;60.965000000;4500;9654123475;B
20240220;100150;60.965000000;11500;9654123476;B
20240220;100150;60.965000000;10000;9654123477;B
20240220;100150;60.970000000;600;9654123478;B
20240220;100152;60.970000000;500;9654123722;B
20240220;100155;60.930000000;400;9654124353;S
20240220;100155;60.925000000;100;9654124354;S
20240220;100156;60.925000000;100;9654124430;S
20240220;100156;60.925000000;4500;9654124689;S
20240220;100158;60.960000000;200;9654125013;B
20240220;100159;60.960000000;300;9654125207;B
20240220;100159;60.965000000;2500;9654125208;B
20240220;100159;60.970000000;2200;9654125209;B
20240220;100201;60.935000000;200;9654125453;S
20240220;100201;60.930000000;400;9654125454;S
20240220;100201;60.925000000;900;9654125455;S
20240220;100201;60.925000000;2400;9654125508;S
20240220;100201;60.925000000;500;9654125509;S
20240220;100201;60.925000000;500;9654125510;S
20240220;100201;60.920000000;5400;9654125645;S
20240220;100201;60.920000000;400;9654125646;S
20240220;100201;60.915000000;500;9654125647;S
20240220;100201;60.910000000;700;9654125648;S
20240220;100202;60.915000000;500;9654125714;S
20240220;100202;60.910000000;1800;9654125715;S
20240220;100202;60.910000000;500;9654125716;S
20240220;100202;60.910000000;800;9654125717;S
20240220;100202;60.905000000;1400;9654125718;S
20240220;100203;60.960000000;100;9654125854;B
20240220;100203;60.905000000;100;9654126130;S
20240220;100204;60.950000000;500;9654126258;B
20240220;100207;60.930000000;100;9654126979;S
20240220;100207;60.925000000;1000;9654126980;S
20240220;100207;60.925000000;400;9654126981;S
20240220;100207;60.910000000;100;9654126982;S
20240220;100207;60.905000000;3500;9654126983;S
20240220;100207;60.905000000;900;9654126984;S
20240220;100208;60.905000000;1300;9654127261;S
20240220;100208;60.905000000;500;9654127262;S
20240220;100208;60.900000000;1000;9654127263;S
20240220;100208;60.900000000;1100;9654127264;S
20240220;100209;60.905000000;100;9654127443;S
20240220;100209;60.900000000;1100;9654127444;S
20240220;100209;60.900000000;300;9654127445;S
20240220;100214;60.915000000;2200;9654128693;S
20240220;100214;60.900000000;29700;9654128694;S
20240220;100214;60.900000000;100;9654128695;S
20240220;100215;60.925000000;100;9654128734;B
20240220;100215;60.900000000;1000;9654128787;S
20240220;100215;60.900000000;200;9654128844;S
20240220;100218;60.930000000;200;9654129426;B
20240220;100218;60.935000000;500;9654129427;B
20240220;100218;60.950000000;100;9654129428;B
20240220;100218;60.960000000;200;9654129429;B
20240220;100218;60.960000000;200;9654129430;B
20240220;100218;60.965000000;300;9654129431;B
20240220;100221;60.910000000;500;9654130329;S
20240220;100221;60.910000000;4500;9654130411;S
20240220;100221;60.900000000;900;9654130412;S
20240220;100221;60.900000000;400;9654130413;S
20240220;100221;60.900000000;300;9654130414;S
20240220;100221;60.895000000;500;9654130415;S
20240220;100221;60.890000000;600;9654130416;S
20240220;100221;60.890000000;1000;9654130417;S
20240220;100221;60.890000000;1000;9654130418;S
20240220;100221;60.880000000;3300;9654130419;S
20240220;100221;60.865000000;100;9654130420;S
20240220;100221;60.860000000;200;9654130421;S
20240220;100221;60.860000000;800;9654130422;S
20240220;100221;60.855000000;1400;9654130423;S
20240220;100221;60.850000000;1500;9654130424;S
20240220;100222;60.940000000;100;9654130500;B
20240220;100222;60.930000000;100;9654130515;B
20240220;100223;60.855000000;500;9654130696;S
20240220;100223;60.855000000;800;9654130697;S
20240220;100223;60.850000000;75300;9654130698;S
20240220;100223;60.850000000;100;9654130699;S
20240220;100223;60.850000000;100;9654130700;S
20240220;100223;60.850000000;10000;9654130701;S
20240220;100223;60.845000000;2000;9654130702;S
20240220;100223;60.845000000;1200;9654130703;S
20240220;100224;60.860000000;200;9654130949;S
20240220;100224;60.855000000;100;9654130950;S
20240220;100224;60.920000000;100;9654130967;B
20240220;100225;60.855000000;900;9654131098;S
20240220;100225;60.850000000;300;9654131099;S
20240220;100226;60.850000000;200;9654131435;S
20240220;100228;60.875000000;100;9654131780;B
20240220;100229;60.875000000;400;9654131892;B
20240220;100229;60.880000000;2500;9654131893;B
20240220;100229;60.900000000;6000;9654131894;B
20240220;100229;60.905000000;1100;9654131895;B
20240220;100231;60.855000000;300;9654132466;S
20240220;100234;60.910000000;100;9654133148;B
20240220;100238;60.860000000;100;9654133900;S
20240220;100238;60.860000000;1600;9654133901;S
20240220;100239;60.860000000;100;9654134167;S
20240220;100240;60.860000000;2700;9654134425;S
20240220;100242;60.860000000;900;9654134749;S
20240220;100242;60.860000000;400;9654134759;S
20240220;100242;60.850000000;1400;9654134760;S
20240220;100242;60.845000000;200;9654134761;S
20240220;100242;60.845000000;500;9654134762;S
20240220;100242;60.845000000;900;9654134763;S
20240220;100242;60.845000000;100;9654134764;S
20240220;100242;60.840000000;100;9654134765;S
20240220;100242;60.840000000;1000;9654134766;S
20240220;100242;60.840000000;5000;9654134767;S
20240220;100242;60.835000000;4900;9654134768;S
20240220;100242;60.835000000;100;9654134769;S
20240220;100242;60.825000000;3300;9654134770;S
20240220;100242;60.820000000;100;9654134771;S
20240220;100242;60.820000000;12400;9654134772;S
20240220;100244;60.875000000;100;9654135326;B
20240220;100244;60.850000000;100;9654135430;S
20240220;100244;60.835000000;400;9654135431;S
20240220;100244;60.835000000;3300;9654135432;S
20240220;100244;60.830000000;3300;9654135433;S
20240220;100244;60.830000000;500;9654135434;S
20240220;100244;60.825000000;1600;9654135435;S
20240220;100244;60.820000000;7600;9654135436;S
20240220;100244;60.820000000;23200;9654135437;S
20240220;100245;60.820000000;4800;9654135640;S
20240220;100245;60.820000000;100;9654135641;S
20240220;100245;60.820000000;400;9654135642;S
20240220;100245;60.820000000;2400;9654135643;S
20240220;100245;60.815000000;2000;9654135644;S
20240220;100245;60.815000000;500;9654135645;S
20240220;100245;60.815000000;1800;9654135646;S
20240220;100246;60.865000000;100;9654135713;B
20240220;100250;60.845000000;1400;9654136554;B
20240220;100250;60.850000000;100;9654136555;B
20240220;100250;60.830000000;100;9654136588;S
20240220;100250;60.815000000;100;9654136589;S
20240220;100250;60.845000000;100;9654136610;B
20240220;100253;60.845000000;400;9654137625;B
20240220;100256;60.855000000;100;9654138189;B
20240220;100256;60.855000000;4000;9654138247;B
20240220;100256;60.845000000;100;9654138289;S
20240220;100256;60.830000000;100;9654138290;S
20240220;100256;60.830000000;300;9654138338;S
20240220;100256;60.825000000;1600;9654138339;S
20240220;100302;60.855000000;900;9654139680;B
20240220;100302;60.855000000;100;9654139681;B
20240220;100302;60.865000000;200;9654139761;B
20240220;100302;60.870000000;200;9654139762;B
20240220;100304;60.870000000;800;9654140280;B
20240220;100305;60.870000000;700;9654140469;B
20240220;100305;60.875000000;500;9654140470;B
20240220;100305;60.880000000;3000;9654140471;B
20240220;100305;60.885000000;800;9654140472;B
20240220;100305;60.890000000;6000;9654140473;B
20240220;100305;60.895000000;9000;9654140474;B
20240220;100306;60.865000000;200;9654140750;S
20240220;100308;60.870000000;100;9654141257;S
20240220;100308;60.890000000;500;9654141301;B
20240220;100308;60.895000000;400;9654141302;B
20240220;100308;60.900000000;24000;9654141303;B
20240220;100308;60.895000000;100;9654141485;B
20240220;100308;60.895000000;900;9654141486;B
20240220;100310;60.870000000;500;9654141839;S
20240220;100313;60.890000000;200;9654142632;B
20240220;100313;60.895000000;800;9654142633;B
20240220;100314;60.870000000;400;9654142822;S
20240220;100314;60.865000000;1600;9654142823;S
20240220;100315;60.875000000;300;9654143110;S
20240220;100316;60.890000000;100;9654143204;B
20240220;100316;60.895000000;200;9654143205;B
20240220;100317;60.885000000;2000;9654143446;S
20240220;100317;60.895000000;300;9654143478;B
20240220;100317;60.890000000;200;9654143504;S
20240220;100317;60.885000000;2700;9654143505;S
20240220;100319;60.885000000;800;9654143839;S
20240220;100319;60.875000000;1700;9654143840;S
20240220;100321;60.875000000;500;9654144115;S
20240220;100322;60.895000000;1000;9654144923;B
20240220;100322;60.895000000;2000;9654145004;B
20240220;100323;60.865000000;500;9654145519;S
20240220;100323;60.865000000;1000;9654145520;S
20240220;100324;60.895000000;500;9654145982;B
20240220;100324;60.895000000;100;9654145983;B
20240220;100324;60.895000000;400;9654145984;B
20240220;100327;60.895000000;100;9654146614;B
20240220;100330;60.895000000;100;9654147773;B
20240220;100330;60.900000000;600;9654147774;B
20240220;100330;60.900000000;900;9654147808;B
20240220;100331;60.900000000;400;9654148239;B
20240220;100332;60.895000000;100;9654148660;S
20240220;100332;60.895000000;5500;9654148661;S
20240220;100332;60.875000000;3300;9654148662;S
20240220;100332;60.870000000;5000;9654148663;S
20240220;100332;60.870000000;500;9654148664;S
20240220;100333;60.860000000;100;9654148802;S
20240220;100333;60.865000000;100;9654148827;B
20240220;100334;60.865000000;6500;9654149131;B
20240220;100334;60.860000000;100;9654149141;S
20240220;100335;60.865000000;800;9654149202;B
20240220;100336;60.865000000;300;9654149597;B
20240220;100336;60.865000000;200;9654149622;B
20240220;100339;60.860000000;200;9654150174;S
20240220;100339;60.855000000;1000;9654150175;S
20240220;100339;60.855000000;3300;9654150176;S
20240220;100339;60.850000000;400;9654150177;S
20240220;100339;60.850000000;900;9654150178;S
20240220;100339;60.850000000;14200;9654150179;S
20240220;100339;60.865000000;100;9654150240;B
20240220;100344;60.860000000;400;9654151005;B
20240220;100345;60.850000000;100;9654151239;S
20240220;100346;60.850000000;1300;9654151489;S
20240220;100347;60.860000000;200;9654151563;B
20240220;100347;60.860000000;500;9654151614;B
20240220;100348;60.850000000;800;9654151690;S
20240220;100348;60.850000000;300;9654151691;S
20240220;100348;60.850000000;400;9654151692;S
20240220;100348;60.845000000;2200;9654151693;S
20240220;100348;60.835000000;500;9654151694;S
20240220;100348;60.835000000;2200;9654151695;S
20240220;100348;60.830000000;3300;9654151696;S
20240220;100348;60.825000000;1400;9654151697;S
20240220;100348;60.825000000;3900;9654151698;S
20240220;100349;60.855000000;100;9654151919;B
20240220;100350;60.825000000;100;9654152187;S
20240220;100350;60.825000000;100;9654152188;S
20240220;100350;60.820000000;400;9654152189;S
20240220;100350;60.835000000;100;9654152193;B
20240220;100351;60.820000000;900;9654152263;S
20240220;100354;60.850000000;2500;9654153279;B
20240220;100354;60.855000000;400;9654153280;B
20240220;100354;60.860000000;500;9654153281;B
20240220;100354;60.865000000;2900;9654153282;B
20240220;100357;60.880000000;100;9654154113;S
20240220;100357;60.875000000;100;9654154114;S
20240220;100401;60.895000000;100;9654154875;B
20240220;100405;60.890000000;100;9654155797;B
20240220;100406;60.890000000;400;9654156044;B
20240220;100406;60.895000000;500;9654156045;B
20240220;100406;60.875000000;700;9654156117;S
20240220;100409;60.890000000;1500;9654156671;B
20240220;100409;60.895000000;200;9654156672;B
20240220;100412;60.895000000;700;9654157202;B
20240220;100412;60.895000000;100;9654157203;B
20240220;100412;60.900000000;1200;9654157204;B
20240220;100414;60.880000000;100;9654157823;S
20240220;100414;60.875000000;400;9654157824;S
20240220;100414;60.900000000;1500;9654157825;B
20240220;100415;60.900000000;79600;9654157905;B
20240220;100415;60.900000000;400;9654157906;B
20240220;100415;60.875000000;200;9654158089;S
20240220;100415;60.900000000;11400;9654158091;B
20240220;100415;60.900000000;5100;9654158092;B
20240220;100415;60.900000000;800;9654158093;B
20240220;100415;60.900000000;7700;9654158094;B
20240220;100416;60.900000000;10000;9654158166;B
20240220;100417;60.900000000;100;9654158323;B
20240220;100418;60.895000000;600;9654158732;S
20240220;100418;60.890000000;200;9654158786;S
20240220;100418;60.895000000;500;9654158856;S
20240220;100418;60.900000000;10000;9654158905;B
20240220;100419;60.900000000;10000;9654159046;B
20240220;100420;60.895000000;2700;9654159429;S
20240220;100420;60.900000000;200;9654159562;B
20240220;100420;60.900000000;2500;9654159637;B
20240220;100421;60.900000000;1100;9654159807;B
20240220;100421;60.900000000;2000;9654159860;B
20240220;100421;60.880000000;600;9654159894;S
20240220;100421;60.875000000;600;9654159895;S
20240220;100422;60.885000000;200;9654159938;S
20240220;100423;60.895000000;300;9654160341;S
20240220;100423;60.885000000;1400;9654160395;S
20240220;100423;60.875000000;600;9654160396;S
20240220;100424;60.900000000;9000;9654160656;B
20240220;100424;60.900000000;200;9654160661;B
20240220;100424;60.875000000;500;9654160675;S
20240220;100425;60.900000000;1500;9654160912;B
20240220;100426;60.895000000;100;9654160936;S
20240220;100428;60.895000000;200;9654161445;B
20240220;100429;60.895000000;2000;9654161778;B
20240220;100429;60.900000000;75700;9654161779;B
20240220;100429;60.900000000;200;9654161780;B
20240220;100429;60.900000000;100;9654161781;B
20240220;100429;60.900000000;5600;9654161782;B
20240220;100429;60.905000000;2800;9654161785;B
20240220;100429;60.915000000;800;9654161786;B
20240220;100429;60.920000000;800;9654161787;B
20240220;100429;60.965000000;400;9654161788;B
20240220;100429;60.970000000;100;9654161789;B
20240220;100430;60.925000000;3300;9654161902;S
20240220;100430;60.920000000;1200;9654161903;S
20240220;100431;60.965000000;800;9654162095;B
20240220;100431;60.970000000;4900;9654162096;B
20240220;100431;60.970000000;300;9654162097;B
20240220;100433;60.950000000;100;9654162478;S
20240220;100435;60.950000000;200;9654162977;B
20240220;100437;60.945000000;100;9654163691;S
20240220;100441;60.945000000;400;9654164557;S
20240220;100444;60.945000000;500;9654165025;S
20240220;100447;60.950000000;100;9654165674;B
20240220;100449;60.945000000;300;9654166149;S
20240220;100449;60.945000000;1100;9654166152;S
20240220;100450;60.925000000;100;9654166596;S
20240220;100450;60.950000000;2200;9654166693;B
20240220;100450;60.950000000;400;9654166694;B
20240220;100450;60.965000000;200;9654166695;B
20240220;100450;60.970000000;1600;9654166696;B
20240220;100453;60.965000000;400;9654167097;B
20240220;100453;60.970000000;2100;9654167098;B
20240220;100455;60.960000000;100;9654167453;S
20240220;100458;60.965000000;200;9654168186;B
20240220;100458;60.970000000;200;9654168211;B
20240220;100459;60.970000000;200;9654168282;B
20240220;100459;60.945000000;1300;9654168335;S
20240220;100459;60.940000000;500;9654168336;S
20240220;100459;60.940000000;1000;9654168337;S
20240220;100459;60.940000000;200;9654168338;S
20240220;100459;60.930000000;700;9654168339;S
20240220;100459;60.965000000;200;9654168353;B
20240220;100503;60.945000000;100;9654169335;S
20240220;100504;60.955000000;300;9654169488;B
20240220;100506;60.945000000;100;9654170403;B
20240220;100507;60.915000000;100;9654170604;S
20240220;100507;60.930000000;300;9654170628;B
20240220;100507;60.930000000;200;9654170629;B
20240220;100507;60.920000000;100;9654171067;B
20240220;100508;60.915000000;700;9654171665;B
20240220;100509;60.915000000;9300;9654171746;B
20240220;100509;60.920000000;5400;9654171749;B
20240220;100509;60.915000000;1400;9654171754;S
20240220;100509;60.905000000;300;9654171835;S
20240220;100510;60.910000000;300;9654172152;S
20240220;100510;60.900000000;10000;9654172154;S
20240220;100510;60.925000000;1000;9654172170;B
20240220;100510;60.900000000;300;9654172281;S
20240220;100511;60.900000000;300;9654172382;S
20240220;100511;60.900000000;5800;9654172488;S
20240220;100511;60.900000000;4200;9654172489;S
20240220;100511;60.900000000;5400;9654172514;S
20240220;100511;60.900000000;400;9654172523;S
20240220;100511;60.900000000;100;9654172544;S
20240220;100512;60.900000000;3500;9654172586;S
20240220;100512;60.900000000;200;9654172587;S
20240220;100512;60.885000000;3000;9654172588;S
20240220;100512;60.885000000;500;9654172589;S
20240220;100512;60.875000000;600;9654172590;S
20240220;100512;60.860000000;100;9654172591;S
20240220;100512;60.860000000;800;9654172592;S
20240220;100512;60.860000000;200;9654172593;S
20240220;100512;60.860000000;1100;9654172594;S
20240220;100512;60.860000000;400;9654172637;S
20240220;100512;60.850000000;200;9654172638;S
20240220;100512;60.850000000;5000;9654172639;S
20240220;100512;60.850000000;2200;9654172640;S
20240220;100512;60.850000000;2200;9654172641;S
20240220;100512;60.850000000;300;9654172661;S
20240220;100512;60.850000000;1600;9654172668;S
20240220;100512;60.850000000;400;9654172669;S
20240220;100512;60.845000000;500;9654172670;S
20240220;100512;60.840000000;500;9654172671;S
20240220;100512;60.835000000;6000;9654172672;S
20240220;100512;60.830000000;1000;9654172673;S
20240220;100512;60.830000000;200;9654172706;S
20240220;100512;60.825000000;400;9654172708;S
20240220;100512;60.825000000;3000;9654172709;S
20240220;100512;60.825000000;3000;9654172710;S
20240220;100512;60.820000000;3600;9654172711;S
20240220;100512;60.820000000;5100;9654172751;S
20240220;100512;60.820000000;200;9654172752;S
20240220;100512;60.820000000;300;9654172753;S
20240220;100512;60.820000000;500;9654172754;S
20240220;100512;60.815000000;2200;9654172755;S
20240220;100512;60.815000000;1000;9654172756;S
20240220;100512;60.815000000;200;9654172757;S
20240220;100512;60.810000000;100;9654172758;S
20240220;100512;60.810000000;400;9654172759;S
20240220;100513;60.810000000;4000;9654172788;S
20240220;100513;60.815000000;4000;9654172934;S
20240220;100513;60.820000000;800;9654173053;S
20240220;100513;60.815000000;3200;9654173054;S
20240220;100513;60.815000000;2800;9654173063;S
20240220;100513;60.810000000;1200;9654173064;S
20240220;100513;60.810000000;4000;9654173077;S
20240220;100514;60.810000000;400;9654173115;S
20240220;100514;60.810000000;4100;9654173116;S
20240220;100514;60.810000000;200;9654173117;S
20240220;100514;60.810000000;5300;9654173118;S
20240220;100514;60.875000000;100;9654173217;B
20240220;100515;60.810000000;100;9654173328;S
20240220;100515;60.815000000;100;9654173463;S
20240220;100515;60.815000000;7700;9654173464;S
20240220;100515;60.810000000;1500;9654173465;S
20240220;100515;60.805000000;700;9654173466;S
20240220;100516;60.820000000;300;9654173592;S
20240220;100516;60.805000000;3700;9654173593;S
20240220;100518;60.810000000;100;9654174231;S
20240220;100520;60.830000000;100;9654174556;B
20240220;100520;60.810000000;300;9654174632;S
20240220;100521;60.805000000;600;9654174864;S
20240220;100521;60.805000000;200;9654174865;S
20240220;100521;60.805000000;100;9654174866;S
20240220;100521;60.805000000;2200;9654174867;S
20240220;100521;60.805000000;300;9654174868;S
20240220;100521;60.805000000;400;9654174869;S
20240220;100521;60.805000000;100;9654174870;S
20240220;100521;60.805000000;200;9654174871;S
20240220;100521;60.805000000;300;9654174872;S
20240220;100521;60.805000000;300;9654174873;S
20240220;100521;60.800000000;3000;9654174874;S
20240220;100521;60.800000000;26200;9654174875;S
20240220;100521;60.800000000;100;9654174876;S
20240220;100522;60.800000000;200;9654175090;S
20240220;100522;60.800000000;25000;9654175095;S
20240220;100522;60.800000000;600;9654175122;S
20240220;100522;60.800000000;22700;9654175140;S
20240220;100522;60.800000000;12500;9654175142;S
20240220;100522;60.810000000;1000;9654175208;B
20240220;100522;60.815000000;400;9654175209;B
20240220;100522;60.825000000;500;9654175210;B
20240220;100522;60.825000000;2300;9654175211;B
20240220;100522;60.800000000;200;9654175234;S
20240220;100522;60.800000000;10000;9654175278;S
20240220;100522;60.800000000;2500;9654175279;S
20240220;100522;60.815000000;100;9654175304;B
20240220;100522;60.800000000;100;9654175386;S
20240220;100522;60.800000000;100;9654175387;S
20240220;100522;60.800000000;1000;9654175388;S
20240220;100522;60.800000000;1700;9654175389;S
20240220;100522;60.800000000;100;9654175390;S
20240220;100522;60.800000000;100;9654175391;S
20240220;100522;60.800000000;400;9654175392;S
20240220;100523;60.800000000;100;9654175443;S
20240220;100523;60.800000000;200;9654175444;S
20240220;100523;60.800000000;1100;9654175445;S
20240220;100523;60.800000000;2000;9654175446;S
20240220;100523;60.800000000;1200;9654175447;S
20240220;100523;60.800000000;200;9654175450;S
20240220;100523;60.800000000;1600;9654175473;S
20240220;100523;60.800000000;100;9654175474;S
20240220;100523;60.800000000;200;9654175475;S
20240220;100523;60.800000000;2000;9654175476;S
20240220;100523;60.800000000;500;9654175477;S
20240220;100523;60.800000000;1100;9654175478;S
20240220;100523;60.800000000;2000;9654175645;S
20240220;100523;60.800000000;3900;9654175656;S
20240220;100523;60.780000000;100;9654175657;S
20240220;100523;60.780000000;200;9654175678;S
20240220;100524;60.780000000;1100;9654175718;S
20240220;100524;60.780000000;3600;9654175719;S
20240220;100524;60.775000000;400;9654175720;S
20240220;100524;60.765000000;100;9654175721;S
20240220;100524;60.765000000;300;9654175722;S
20240220;100524;60.760000000;100;9654175723;S
20240220;100524;60.760000000;100;9654175724;S
20240220;100524;60.755000000;100;9654175725;S
20240220;100524;60.750000000;100;9654175726;S
20240220;100524;60.750000000;10000;9654175727;S
20240220;100524;60.740000000;100;9654175728;S
20240220;100524;60.730000000;200;9654175729;S
20240220;100524;60.730000000;3300;9654175730;S
20240220;100524;60.730000000;500;9654175731;S
20240220;100524;60.725000000;700;9654175732;S
20240220;100524;60.755000000;100;9654175753;B
20240220;100524;60.725000000;300;9654175769;S
20240220;100524;60.725000000;5000;9654175844;S
20240220;100524;60.755000000;100;9654175906;B
20240220;100524;60.780000000;3200;9654175909;S
20240220;100524;60.735000000;1500;9654175962;S
20240220;100524;60.730000000;3300;9654175963;S
20240220;100524;60.730000000;400;9654175964;S
20240220;100524;60.725000000;1800;9654175965;S
20240220;100524;60.725000000;200;9654175971;S
20240220;100524;60.725000000;3000;9654175972;S
20240220;100524;60.720000000;100;9654175973;S
20240220;100524;60.720000000;1000;9654175974;S
20240220;100524;60.720000000;400;9654175975;S
20240220;100525;60.785000000;100;9654176092;S
20240220;100525;60.725000000;100;9654176118;S
20240220;100525;60.720000000;100;9654176124;S
20240220;100525;60.790000000;100;9654176125;B
20240220;100526;60.725000000;100;9654176451;S
20240220;100527;60.725000000;100;9654176687;S
20240220;100529;60.765000000;1000;9654177296;S
20240220;100529;60.745000000;100;9654177297;S
20240220;100529;60.740000000;10000;9654177298;S
20240220;100529;60.740000000;6000;9654177299;S
20240220;100529;60.725000000;9800;9654177300;S
20240220;100529;60.720000000;500;9654177301;S
20240220;100529;60.720000000;100;9654177302;S
20240220;100529;60.720000000;500;9654177303;S
20240220;100529;60.710000000;1000;9654177304;S
20240220;100529;60.710000000;1500;9654177305;S
20240220;100529;60.705000000;5000;9654177306;S
20240220;100529;60.685000000;100;9654177307;S
20240220;100529;60.685000000;200;9654177308;S
20240220;100529;60.680000000;100;9654177309;S
20240220;100529;60.670000000;6000;9654177310;S
20240220;100529;60.665000000;8000;9654177311;S
20240220;100529;60.660000000;10000;9654177312;S
20240220;100529;60.660000000;100;9654177313;S
20240220;100529;60.660000000;100;9654177314;S
20240220;100529;60.660000000;100;9654177321;S
20240220;100529;60.770000000;500;9654177338;B
20240220;100529;60.775000000;5500;9654177339;B
20240220;100529;60.700000000;100;9654177395;B
20240220;100529;60.700000000;1000;9654177416;S
20240220;100530;60.700000000;200;9654177486;S
20240220;100530;60.700000000;100;9654177538;S
20240220;100530;60.705000000;500;9654177568;B
20240220;100530;60.700000000;200;9654177630;S
20240220;100530;60.700000000;200;9654177641;S
20240220;100530;60.700000000;200;9654177662;S
20240220;100530;60.700000000;200;9654177663;S
20240220;100530;60.700000000;100;9654177664;S
20240220;100530;60.700000000;100;9654177665;S
20240220;100531;60.705000000;500;9654177902;B
20240220;100532;60.700000000;100;9654178145;S
20240220;100532;60.690000000;100;9654178146;S
20240220;100532;60.685000000;1800;9654178147;S
20240220;100533;60.685000000;100;9654178312;S
20240220;100534;60.715000000;400;9654178686;B
20240220;100534;60.715000000;500;9654178687;B
20240220;100535;60.750000000;100;9654178905;B
20240220;100537;60.765000000;100;9654179427;S
20240220;100537;60.710000000;100;9654179428;S
20240220;100537;60.705000000;100;9654179429;S
20240220;100537;60.705000000;400;9654179430;S
20240220;100537;60.720000000;100;9654179539;S
20240220;100538;60.720000000;500;9654179692;S
20240220;100538;60.745000000;500;9654179952;B
20240220;100538;60.750000000;2000;9654179953;B
20240220;100538;60.770000000;2000;9654179954;B
20240220;100538;60.780000000;1500;9654179955;B
20240220;100539;60.725000000;400;9654180043;S
20240220;100539;60.725000000;100;9654180090;S
20240220;100539;60.725000000;400;9654180091;S
20240220;100544;60.755000000;100;9654181193;B
20240220;100548;60.730000000;200;9654182247;S
20240220;100548;60.715000000;1400;9654182248;S
20240220;100548;60.705000000;1400;9654182249;S
20240220;100550;60.700000000;2200;9654182601;S
20240220;100550;60.700000000;1000;9654182602;S
20240220;100550;60.700000000;300;9654182603;S
20240220;100550;60.700000000;4500;9654182604;S
20240220;100550;60.735000000;100;9654182634;B
20240220;100551;60.700000000;200;9654182776;S
20240220;100552;60.735000000;500;9654182934;B
20240220;100552;60.740000000;1500;9654182935;B
20240220;100553;60.700000000;11300;9654183028;S
20240220;100553;60.695000000;500;9654183029;S
20240220;100553;60.680000000;3300;9654183030;S
20240220;100553;60.680000000;500;9654183031;S
20240220;100553;60.680000000;2400;9654183032;S
20240220;100553;60.680000000;4900;9654183033;S
20240220;100553;60.675000000;100;9654183034;S
20240220;100553;60.675000000;50000;9654183035;S
20240220;100553;60.670000000;800;9654183129;S
20240220;100553;60.670000000;200;9654183165;S
20240220;100553;60.670000000;2500;9654183189;S
20240220;100553;60.660000000;400;9654183190;S
20240220;100553;60.655000000;2200;9654183191;S
20240220;100553;60.650000000;100;9654183200;S
20240220;100554;60.650000000;500;9654183261;S
20240220;100554;60.650000000;100;9654183262;S
20240220;100554;60.645000000;100;9654183263;S
20240220;100554;60.640000000;100;9654183264;S
20240220;100554;60.640000000;400;9654183265;S
20240220;100554;60.640000000;15000;9654183266;S
20240220;100554;60.620000000;33800;9654183267;S
20240220;100554;60.620000000;6200;9654183269;S
20240220;100554;60.620000000;1000;9654183270;S
20240220;100554;60.620000000;4000;9654183271;S
20240220;100554;60.615000000;1000;9654183272;S
20240220;100554;60.610000000;300;9654183273;S
20240220;100554;60.605000000;100;9654183274;S
20240220;100554;60.605000000;5000;9654183275;S
20240220;100554;60.600000000;100;9654183276;S
20240220;100554;60.600000000;100;9654183277;S
20240220;100554;60.600000000;200;9654183278;S
20240220;100554;60.600000000;3000;9654183279;S
20240220;100554;60.600000000;200;9654183280;S
20240220;100554;60.600000000;100;9654183281;S
20240220;100554;60.600000000;500;9654183282;S
20240220;100554;60.590000000;100;9654183283;S
20240220;100554;60.585000000;2200;9654183284;S
20240220;100554;60.580000000;4000;9654183285;S
20240220;100554;60.580000000;400;9654183286;S
20240220;100554;60.570000000;3000;9654183287;S
20240220;100554;60.560000000;100;9654183288;S
20240220;100554;60.560000000;500;9654183289;S
20240220;100554;60.555000000;500;9654183290;S
20240220;100554;60.555000000;100;9654183291;S
20240220;100554;60.550000000;2000;9654183292;S
20240220;100554;60.550000000;100;9654183293;S
20240220;100554;60.550000000;2200;9654183294;S
20240220;100554;60.540000000;4000;9654183295;S
20240220;100554;60.535000000;800;9654183296;S
20240220;100554;60.535000000;4000;9654183297;S
20240220;100554;60.530000000;4000;9654183298;S
20240220;100554;60.525000000;100;9654183299;S
20240220;100554;60.525000000;100;9654183300;S
20240220;100554;60.560000000;400;9654183306;B
20240220;100554;60.560000000;3200;9654183307;B
20240220;100554;60.525000000;200;9654183314;S
20240220;100554;60.560000000;100;9654183337;B
20240220;100554;60.560000000;100;9654183357;B
20240220;100555;60.545000000;100;9654183466;S
20240220;100555;60.545000000;100;9654183467;S
20240220;100555;60.530000000;100;9654183468;S
20240220;100555;60.530000000;400;9654183470;S
20240220;100555;60.560000000;5000;9654183483;B
20240220;100555;60.530000000;1800;9654183484;S
20240220;100555;60.530000000;2900;9654183485;S
20240220;100555;60.560000000;200;9654183487;B
20240220;100555;60.530000000;200;9654183488;S
20240220;100555;60.530000000;1200;9654183489;S
20240220;100555;60.525000000;1300;9654183490;S
20240220;100555;60.560000000;500;9654183492;B
20240220;100555;60.560000000;4000;9654183540;B
20240220;100555;60.560000000;4600;9654183545;B
20240220;100555;60.560000000;500;9654183546;B
20240220;100556;60.600000000;200;9654183774;B
20240220;100556;60.610000000;200;9654183775;B
20240220;100556;60.610000000;300;9654183776;B
20240220;100556;60.620000000;100;9654183802;B
20240220;100557;60.645000000;1700;9654184035;B
20240220;100557;60.645000000;300;9654184036;B
20240220;100557;60.645000000;200;9654184060;B
20240220;100557;60.650000000;3500;9654184061;B
20240220;100557;60.650000000;6500;9654184062;B
20240220;100557;60.655000000;1100;9654184117;B
20240220;100557;60.655000000;800;9654184266;B
20240220;100557;60.655000000;500;9654184267;B
20240220;100558;60.670000000;100;9654184786;B
20240220;100558;60.675000000;400;9654184787;B
20240220;100558;60.675000000;1100;9654184788;B
20240220;100600;60.645000000;300;9654185548;S
20240220;100600;60.645000000;100;9654185549;S
20240220;100601;60.645000000;900;9654186216;S
20240220;100601;60.620000000;2400;9654186217;S
20240220;100602;60.660000000;100;9654186246;B
20240220;100602;60.620000000;100;9654186440;S
20240220;100602;60.660000000;100;9654186442;B
20240220;100603;60.620000000;100;9654186703;S
20240220;100603;60.615000000;100;9654186704;S
20240220;100603;60.610000000;400;9654186705;S
20240220;100603;60.610000000;400;9654186706;S
20240220;100603;60.655000000;100;9654186721;B
20240220;100603;60.655000000;800;9654186722;B
20240220;100603;60.660000000;600;9654186723;B
20240220;100603;60.665000000;400;9654186724;B
20240220;100603;60.665000000;2100;9654186725;B
20240220;100604;60.605000000;2000;9654187037;S
20240220;100604;60.605000000;100;9654187042;S
20240220;100606;60.645000000;600;9654187580;B
20240220;100606;60.645000000;400;9654187581;B
20240220;100609;60.635000000;100;9654188536;B
20240220;100611;60.635000000;300;9654188969;B
20240220;100612;60.645000000;200;9654189307;B
20240220;100612;60.645000000;300;9654189308;B
20240220;100613;60.645000000;100;9654189339;B
20240220;100613;60.645000000;500;9654189340;B
20240220;100613;60.645000000;1500;9654189374;B
20240220;100613;60.650000000;500;9654189375;B
20240220;100613;60.650000000;300;9654189520;B
20240220;100614;60.650000000;2300;9654189646;B
20240220;100614;60.650000000;600;9654189667;B
20240220;100614;60.650000000;200;9654189668;B
20240220;100614;60.660000000;1000;9654189669;B
20240220;100615;60.665000000;200;9654189714;B
20240220;100615;60.665000000;200;9654189715;B
20240220;100615;60.670000000;700;9654189782;B
20240220;100615;60.670000000;200;9654189804;B
20240220;100615;60.670000000;400;9654189805;B
20240220;100616;60.670000000;300;9654189904;B
20240220;100616;60.670000000;500;9654189932;B
20240220;100617;60.670000000;600;9654190270;B
20240220;100617;60.660000000;1000;9654190281;S
20240220;100617;60.650000000;300;9654190282;S
20240220;100617;60.650000000;1000;9654190283;S
20240220;100617;60.650000000;400;9654190284;S
20240220;100618;60.650000000;600;9654190443;S
20240220;100618;60.650000000;1000;9654190444;S
20240220;100618;60.645000000;1000;9654190445;S
20240220;100618;60.645000000;500;9654190446;S
20240220;100618;60.645000000;100;9654190447;S
20240220;100618;60.640000000;1500;9654190448;S
20240220;100618;60.640000000;300;9654190449;S
20240220;100618;60.645000000;500;9654190563;S
20240220;100619;60.645000000;500;9654190632;S
20240220;100621;60.660000000;1000;9654191058;B
20240220;100621;60.650000000;1000;9654191113;S
20240220;100621;60.645000000;1300;9654191114;S
20240220;100621;60.645000000;7600;9654191130;S
20240220;100621;60.645000000;1000;9654191131;S
20240220;100621;60.635000000;200;9654191132;S
20240220;100621;60.635000000;1000;9654191133;S
20240220;100621;60.630000000;1000;9654191134;S
20240220;100621;60.630000000;200;9654191135;S
20240220;100621;60.625000000;1000;9654191136;S
20240220;100621;60.620000000;4000;9654191137;S
20240220;100621;60.620000000;1000;9654191138;S
20240220;100621;60.620000000;500;9654191139;S
20240220;100621;60.605000000;2700;9654191140;S
20240220;100621;60.600000000;10000;9654191141;S
20240220;100621;60.600000000;400;9654191142;B
20240220;100621;60.600000000;300;9654191143;B
20240220;100621;60.600000000;100;9654191144;B
20240220;100622;60.600000000;100;9654191196;B
20240220;100622;60.600000000;400;9654191339;B
20240220;100622;60.610000000;500;9654191340;B
20240220;100622;60.610000000;1000;9654191341;B
20240220;100622;60.635000000;400;9654191342;B
20240220;100622;60.635000000;1000;9654191343;B
20240220;100622;60.650000000;6000;9654191344;B
20240220;100622;60.650000000;100;9654191347;S
20240220;100622;60.650000000;200;9654191366;S
20240220;100622;60.650000000;400;9654191367;S
20240220;100622;60.650000000;100;9654191368;S
20240220;100623;60.650000000;6200;9654191457;S
20240220;100623;60.590000000;800;9654191458;S
20240220;100623;60.585000000;1000;9654191459;S
20240220;100623;60.585000000;2000;9654191460;S
20240220;100623;60.585000000;800;9654191463;S
20240220;100623;60.595000000;7000;9654191572;S
20240220;100624;60.600000000;200;9654191704;S
20240220;100624;60.595000000;100;9654191705;S
20240220;100624;60.595000000;2100;9654191774;S
20240220;100624;60.595000000;300;9654191810;B
20240220;100624;60.605000000;500;9654191811;B
20240220;100624;60.610000000;2800;9654191812;B
20240220;100624;60.615000000;200;9654191813;B
20240220;100627;60.590000000;300;9654192267;S
20240220;100627;60.585000000;100;9654192268;S
20240220;100627;60.590000000;200;9654192398;S
20240220;100627;60.585000000;2400;9654192399;S
20240220;100627;60.580000000;500;9654192400;S
20240220;100627;60.575000000;6000;9654192401;S
20240220;100627;60.570000000;100;9654192402;S
20240220;100627;60.565000000;400;9654192403;S
20240220;100627;60.560000000;2500;9654192404;S
20240220;100627;60.555000000;800;9654192405;S
20240220;100627;60.555000000;2100;9654192406;S
20240220;100627;60.550000000;5000;9654192407;S
20240220;100627;60.550000000;100;9654192408;S
20240220;100627;60.550000000;2500;9654192409;S
20240220;100628;60.545000000;2000;9654192492;B
20240220;100628;60.545000000;200;9654192512;B
20240220;100628;60.540000000;4000;9654192514;S
20240220;100628;60.535000000;200;9654192515;S
20240220;100628;60.535000000;2400;9654192516;S
20240220;100628;60.530000000;2600;9654192517;S
20240220;100628;60.545000000;200;9654192590;B
20240220;100629;60.545000000;100;9654192788;B
20240220;100629;60.530000000;700;9654192798;S
20240220;100629;60.545000000;5000;9654192955;B
20240220;100630;60.545000000;100;9654192970;B
20240220;100631;60.540000000;100;9654193184;B
20240220;100631;60.540000000;100;9654193236;B
20240220;100631;60.540000000;100;9654193297;B
20240220;100631;60.540000000;100;9654193302;B
20240220;100631;60.540000000;1200;9654193345;B
20240220;100631;60.540000000;300;9654193394;B
20240220;100631;60.540000000;100;9654193399;B
20240220;100631;60.545000000;100;9654193400;B
20240220;100632;60.535000000;100;9654193640;S
20240220;100632;60.535000000;500;9654193641;S
20240220;100632;60.525000000;100;9654193642;S
20240220;100632;60.525000000;100;9654193643;S
20240220;100632;60.525000000;400;9654193644;S
20240220;100632;60.520000000;100;9654193645;S
20240220;100632;60.520000000;1700;9654193646;S
20240220;100632;60.545000000;300;9654193713;B
20240220;100632;60.530000000;200;9654193719;S
20240220;100633;60.545000000;400;9654193799;B
20240220;100633;60.545000000;400;9654193800;B
20240220;100634;60.545000000;2000;9654194004;B
20240220;100634;60.535000000;100;9654194008;S
20240220;100634;60.545000000;2000;9654194013;B
20240220;100635;60.535000000;100;9654194121;S
20240220;100635;60.545000000;2500;9654194170;B
20240220;100635;60.545000000;500;9654194171;B
20240220;100635;60.545000000;200;9654194180;B
20240220;100635;60.545000000;300;9654194221;B
20240220;100636;60.545000000;4000;9654194290;B
20240220;100636;60.545000000;12300;9654194361;B
20240220;100636;60.545000000;500;9654194362;B
20240220;100637;60.560000000;400;9654194488;B
20240220;100638;60.565000000;100;9654194766;S
20240220;100639;60.555000000;100;9654195003;S
20240220;100639;60.545000000;100;9654195004;S
20240220;100641;60.560000000;100;9654195453;S
20240220;100644;60.560000000;100;9654196322;S
20240220;100644;60.555000000;300;9654196323;S
20240220;100644;60.545000000;100;9654196324;S
20240220;100644;60.540000000;1200;9654196325;S
20240220;100644;60.540000000;200;9654196326;S
20240220;100644;60.535000000;3800;9654196327;S
20240220;100644;60.535000000;500;9654196328;S
20240220;100644;60.525000000;800;9654196329;S
20240220;100645;60.570000000;500;9654196523;B
20240220;100645;60.575000000;1600;9654196524;B
20240220;100645;60.580000000;500;9654196525;B
20240220;100645;60.585000000;6000;9654196526;B
20240220;100645;60.590000000;400;9654196527;B
20240220;100645;60.590000000;1900;9654196528;B
20240220;100645;60.550000000;100;9654196634;S
20240220;100647;60.590000000;100;9654196855;B
20240220;100647;60.560000000;100;9654196867;S
20240220;100647;60.560000000;200;9654196918;S
20240220;100647;60.560000000;500;9654196925;S
20240220;100647;60.555000000;200;9654196926;S
20240220;100647;60.555000000;1000;9654196927;S
20240220;100647;60.545000000;600;9654196928;S
20240220;100647;60.545000000;200;9654196929;S
20240220;100647;60.590000000;500;9654197013;B
20240220;100647;60.600000000;600;9654197014;B
20240220;100648;60.560000000;1700;9654197192;B
20240220;100649;60.560000000;100;9654197267;B
20240220;100649;60.565000000;400;9654197465;S
20240220;100649;60.565000000;600;9654197466;S
20240220;100650;60.610000000;700;9654197558;B
20240220;100650;60.610000000;500;9654197665;B
20240220;100650;60.620000000;500;9654197666;B
20240220;100651;60.620000000;500;9654197837;B
20240220;100651;60.620000000;800;9654197902;B
20240220;100652;60.620000000;100;9654198082;B
20240220;100653;60.615000000;600;9654198179;S
20240220;100653;60.615000000;5600;9654198180;S
20240220;100653;60.615000000;1300;9654198183;S
20240220;100653;60.620000000;700;9654198374;B
20240220;100653;60.615000000;100;9654198380;S
20240220;100654;60.615000000;100;9654198437;S
20240220;100654;60.620000000;1100;9654198446;B
20240220;100654;60.630000000;1000;9654198447;B
20240220;100654;60.630000000;1200;9654198554;B
20240220;100654;60.615000000;300;9654198681;S
20240220;100655;60.630000000;300;9654198893;B
20240220;100655;60.640000000;1000;9654198983;B
20240220;100655;60.665000000;100;9654198984;B
20240220;100655;60.665000000;900;9654198985;B
20240220;100656;60.630000000;300;9654199033;S
20240220;100656;60.670000000;1000;9654199069;B
20240220;100657;60.665000000;1000;9654199163;B
20240220;100657;60.650000000;17500;9654199197;S
20240220;100657;60.640000000;500;9654199198;S
20240220;100657;60.635000000;2000;9654199199;S
20240220;100657;60.630000000;100;9654199200;S
20240220;100657;60.625000000;1000;9654199201;S
20240220;100657;60.620000000;1000;9654199202;S
20240220;100657;60.615000000;2600;9654199203;S
20240220;100657;60.615000000;1000;9654199204;S
20240220;100657;60.615000000;1000;9654199205;S
20240220;100657;60.585000000;1000;9654199206;S
20240220;100657;60.585000000;6000;9654199207;S
20240220;100657;60.580000000;800;9654199208;S
20240220;100657;60.575000000;10000;9654199209;S
20240220;100657;60.570000000;2000;9654199210;S
20240220;100657;60.560000000;53500;9654199211;S
20240220;100657;60.640000000;300;9654199308;B
20240220;100657;60.640000000;100;9654199309;B
20240220;100704;60.630000000;2000;9654200426;S
20240220;100704;60.640000000;4000;9654200509;B
20240220;100704;60.640000000;100;9654200510;B
20240220;100704;60.645000000;1200;9654200511;B
20240220;100704;60.645000000;2000;9654200512;B
20240220;100704;60.650000000;400;9654200513;B
20240220;100704;60.655000000;600;9654200514;B
20240220;100704;60.660000000;100;9654200515;B
20240220;100704;60.665000000;3000;9654200516;B
20240220;100704;60.670000000;1300;9654200517;B
20240220;100704;60.670000000;200;9654200518;B
20240220;100704;60.670000000;1800;9654200519;B
20240220;100704;60.680000000;800;9654200520;B
20240220;100704;60.685000000;1300;9654200521;B
20240220;100704;60.690000000;3200;9654200522;B
20240220;100704;60.645000000;100;9654200633;S
20240220;100706;60.685000000;100;9654200872;B
20240220;100706;60.695000000;2000;9654200873;B
20240220;100706;60.695000000;2900;9654200874;B
20240220;100706;60.695000000;1600;9654200953;B
20240220;100707;60.695000000;5400;9654201031;B
20240220;100707;60.700000000;800;9654201032;B
20240220;100707;60.700000000;100;9654201033;B
20240220;100707;60.715000000;400;9654201086;B
20240220;100707;60.715000000;1000;9654201087;B
20240220;100707;60.720000000;1000;9654201088;B
20240220;100707;60.720000000;1000;9654201089;B
20240220;100707;60.725000000;1000;9654201090;B
20240220;100707;60.730000000;1000;9654201091;B
20240220;100707;60.735000000;10000;9654201092;B
20240220;100707;60.735000000;1000;9654201093;B
20240220;100707;60.740000000;2000;9654201094;B
20240220;100707;60.740000000;1000;9654201095;B
20240220;100708;60.755000000;600;9654201159;S
20240220;100708;60.700000000;3700;9654201160;S
20240220;100708;60.665000000;2200;9654201161;S
20240220;100708;60.675000000;1000;9654201212;S
20240220;100708;60.670000000;600;9654201213;S
20240220;100708;60.660000000;300;9654201214;S
20240220;100708;60.660000000;1000;9654201215;S
20240220;100708;60.660000000;1000;9654201216;S
20240220;100708;60.655000000;500;9654201217;S
20240220;100708;60.650000000;600;9654201218;S
20240220;100708;60.695000000;100;9654201270;S
20240220;100708;60.670000000;2000;9654201271;S
20240220;100708;60.650000000;400;9654201272;S
20240220;100710;60.715000000;100;9654201547;B
20240220;100710;60.715000000;600;9654201548;B
20240220;100713;60.715000000;200;9654202315;B
20240220;100713;60.715000000;300;9654202354;B
20240220;100713;60.715000000;3000;9654202355;B
20240220;100713;60.715000000;400;9654202356;B
20240220;100713;60.720000000;200;9654202357;B
20240220;100713;60.725000000;1000;9654202358;B
20240220;100713;60.740000000;5000;9654202359;B
20240220;100713;60.740000000;100;9654202360;B
20240220;100714;60.755000000;400;9654202408;B
20240220;100714;60.755000000;1000;9654202409;B
20240220;100714;60.755000000;100;9654202500;S
20240220;100714;60.755000000;500;9654202501;S
20240220;100714;60.760000000;200;9654202502;B
20240220;100714;60.725000000;100;9654202505;S
20240220;100715;60.720000000;300;9654202748;S
20240220;100716;60.715000000;200;9654202931;S
20240220;100716;60.710000000;2000;9654202932;S
20240220;100716;60.675000000;800;9654202933;S
20240220;100716;60.670000000;500;9654202934;S
20240220;100716;60.670000000;500;9654202935;S
20240220;100716;60.665000000;2000;9654202936;S
20240220;100717;60.750000000;500;9654202982;B
20240220;100717;60.750000000;1100;9654202983;B
20240220;100717;60.750000000;400;9654202984;B
20240220;100717;60.740000000;200;9654203022;B
20240220;100717;60.760000000;4800;9654203023;B
20240220;100718;60.740000000;1000;9654203136;B
20240220;100718;60.755000000;1600;9654203137;B
20240220;100718;60.755000000;1000;9654203138;B
20240220;100718;60.755000000;300;9654203139;B
20240220;100718;60.760000000;2000;9654203140;B
20240220;100718;60.760000000;2000;9654203141;B
20240220;100718;60.760000000;1000;9654203142;B
20240220;100718;60.765000000;1000;9654203143;B
20240220;100718;60.770000000;1000;9654203144;B
20240220;100718;60.775000000;1000;9654203145;B
20240220;100718;60.780000000;1000;9654203146;B
20240220;100718;60.785000000;3900;9654203147;B
20240220;100718;60.785000000;1000;9654203148;B
20240220;100718;60.795000000;800;9654203149;B
20240220;100718;60.800000000;3500;9654203150;B
20240220;100718;60.800000000;300;9654203151;B
20240220;100718;60.800000000;5000;9654203152;B
20240220;100718;60.800000000;200;9654203153;B
20240220;100718;60.810000000;2500;9654203154;B
20240220;100718;60.810000000;100;9654203155;B
20240220;100718;60.825000000;2000;9654203156;B
20240220;100718;60.830000000;200;9654203157;B
20240220;100718;60.830000000;1000;9654203158;B
20240220;100718;60.835000000;8600;9654203159;B
20240220;100718;60.835000000;7000;9654203160;B
20240220;100718;60.840000000;1000;9654203161;B
20240220;100718;60.730000000;100;9654203166;S
20240220;100718;60.765000000;100;9654203189;B
20240220;100718;60.755000000;500;9654203245;S
20240220;100718;60.765000000;100;9654203246;B
20240220;100718;60.765000000;200;9654203255;B
20240220;100718;60.765000000;100;9654203298;B
20240220;100719;60.765000000;500;9654203341;B
20240220;100720;60.765000000;200;9654203570;S
20240220;100720;60.760000000;2000;9654203571;S
20240220;100720;60.745000000;1000;9654203572;S
20240220;100720;60.725000000;500;9654203573;S
20240220;100720;60.725000000;800;9654203574;S
20240220;100720;60.720000000;5200;9654203575;S
20240220;100720;60.715000000;300;9654203576;S
20240220;100721;60.720000000;500;9654203655;B
20240220;100721;60.770000000;500;9654203660;B
20240220;100721;60.775000000;500;9654203661;B
20240220;100721;60.775000000;1000;9654203662;B
20240220;100721;60.775000000;500;9654203699;B
20240220;100722;60.735000000;1000;9654203826;S
20240220;100722;60.735000000;300;9654203827;S
20240220;100722;60.715000000;700;9654203828;S
20240220;100722;60.760000000;800;9654203851;B
20240220;100722;60.760000000;400;9654203899;B
20240220;100723;60.755000000;1100;9654204231;S
20240220;100723;60.755000000;700;9654204232;S
20240220;100723;60.755000000;300;9654204233;S
20240220;100724;60.760000000;100;9654204435;B
20240220;100724;60.765000000;100;9654204436;B
20240220;100724;60.725000000;100;9654204498;S
20240220;100724;60.725000000;400;9654204499;S
20240220;100726;60.755000000;100;9654204899;S
20240220;100727;60.755000000;100;9654205015;S
20240220;100729;60.720000000;100;9654205422;S
20240220;100730;60.755000000;800;9654205655;B
20240220;100730;60.755000000;300;9654205656;B
20240220;100730;60.760000000;500;9654205657;B
20240220;100730;60.765000000;100;9654205706;S
20240220;100730;60.765000000;100;9654205707;S
20240220;100730;60.765000000;100;9654205708;S
20240220;100730;60.765000000;800;9654205712;S
20240220;100730;60.770000000;1700;9654205806;B
20240220;100730;60.765000000;100;9654205844;S
20240220;100730;60.765000000;100;9654205845;S
20240220;100730;60.765000000;100;9654205846;S
20240220;100731;60.765000000;100;9654205854;S
20240220;100731;60.765000000;300;9654206153;S
20240220;100731;60.770000000;200;9654206176;B
20240220;100732;60.765000000;100;9654206277;S
20240220;100733;60.770000000;500;9654206512;B
20240220;100734;60.765000000;500;9654206799;S
20240220;100734;60.765000000;100;9654206803;S
20240220;100737;60.770000000;200;9654207308;B
20240220;100737;60.770000000;100;9654207360;B
20240220;100738;60.770000000;800;9654207489;B
20240220;100738;60.770000000;300;9654207490;B
20240220;100738;60.775000000;300;9654207491;B
20240220;100738;60.780000000;200;9654207492;B
20240220;100738;60.785000000;400;9654207493;B
20240220;100740;60.770000000;100;9654207798;S
20240220;100741;60.780000000;100;9654207973;S
20240220;100743;60.775000000;100;9654208312;S
20240220;100744;60.780000000;300;9654208417;B
20240220;100744;60.780000000;600;9654208418;B
20240220;100744;60.785000000;400;9654208419;B
20240220;100744;60.785000000;600;9654208420;B
20240220;100744;60.790000000;2700;9654208421;B
20240220;100744;60.790000000;800;9654208596;B
20240220;100744;60.790000000;400;9654208597;B
20240220;100744;60.790000000;400;9654208598;B
20240220;100745;60.785000000;100;9654208754;S
20240220;100746;60.790000000;100;9654208962;B
20240220;100746;60.790000000;100;9654209014;B
20240220;100746;60.790000000;500;9654209015;B
20240220;100746;60.795000000;500;9654209016;B
20240220;100746;60.790000000;300;9654209042;S
20240220;100746;60.785000000;700;9654209043;S
20240220;100746;60.785000000;100;9654209089;S
20240220;100747;60.800000000;500;9654209265;B
20240220;100747;60.805000000;100;9654209266;B
20240220;100748;60.805000000;300;9654209497;S
20240220;100748;60.805000000;100;9654209498;S
20240220;100750;60.805000000;300;9654209766;S
20240220;100751;60.805000000;300;9654209986;S
20240220;100754;60.810000000;400;9654210391;B
20240220;100754;60.810000000;1400;9654210392;B
20240220;100754;60.815000000;3200;9654210393;B
20240220;100754;60.805000000;100;9654210451;S
20240220;100757;60.795000000;200;9654210885;B
20240220;100757;60.800000000;100;9654210886;B
20240220;100758;60.800000000;1000;9654211134;B
20240220;100758;60.800000000;100;9654211153;B
20240220;100759;60.800000000;2000;9654211272;B
20240220;100802;60.800000000;100;9654211772;B
20240220;100804;60.790000000;500;9654212169;B
20240220;100806;60.790000000;500;9654212491;B
20240220;100806;60.790000000;100;9654212492;B
20240220;100806;60.775000000;100;9654212589;S
20240220;100815;60.790000000;100;9654214184;B
20240220;100817;60.790000000;400;9654214506;B
20240220;100817;60.795000000;300;9654214507;B
20240220;100817;60.795000000;100;9654214508;B
20240220;100818;60.800000000;700;9654214669;B
20240220;100819;60.795000000;100;9654214784;S
20240220;100819;60.795000000;300;9654214785;S
20240220;100819;60.800000000;200;9654214792;B
20240220;100819;60.800000000;100;9654214793;B
20240220;100819;60.805000000;1700;9654214794;B
20240220;100820;60.805000000;100;9654214826;B
20240220;100820;60.790000000;300;9654214827;S
20240220;100820;60.780000000;300;9654214828;S
20240220;100820;60.775000000;300;9654214829;S
20240220;100820;60.800000000;100;9654214876;S
20240220;100820;60.805000000;2000;9654214927;B
20240220;100820;60.800000000;700;9654214944;S
20240220;100822;60.800000000;1000;9654215157;S
20240220;100824;60.800000000;300;9654215432;S
20240220;100825;60.790000000;300;9654215642;S
20240220;100825;60.780000000;900;9654215643;S
20240220;100825;60.775000000;500;9654215644;S
20240220;100825;60.770000000;200;9654215645;S
20240220;100825;60.770000000;200;9654215646;S
20240220;100825;60.765000000;2900;9654215647;B
20240220;100825;60.795000000;100;9654215746;B
20240220;100826;60.795000000;500;9654215905;B
20240220;100826;60.800000000;700;9654215906;B
20240220;100826;60.800000000;100;9654215907;B
20240220;100826;60.800000000;300;9654215908;B
20240220;100828;60.780000000;100;9654216572;B
20240220;100831;60.775000000;500;9654217178;B
20240220;100837;60.775000000;500;9654218531;B
20240220;100837;60.775000000;7700;9654218532;B
20240220;100838;60.770000000;100;9654218611;S
20240220;100838;60.765000000;300;9654218612;S
20240220;100839;60.770000000;100;9654218733;B
20240220;100839;60.760000000;200;9654218784;S
20240220;100839;60.760000000;800;9654218785;S
20240220;100839;60.760000000;100;9654218786;S
20240220;100839;60.755000000;100;9654218787;S
20240220;100839;60.755000000;500;9654218788;S
20240220;100839;60.755000000;300;9654218789;S
20240220;100839;60.750000000;2500;9654218790;S
20240220;100840;60.775000000;2300;9654218875;B
20240220;100840;60.775000000;500;9654218876;B
20240220;100840;60.780000000;500;9654218877;B
20240220;100840;60.780000000;800;9654218878;B
20240220;100840;60.780000000;300;9654218879;B
20240220;100840;60.785000000;400;9654218880;B
20240220;100840;60.785000000;1000;9654218881;B
20240220;100840;60.795000000;100;9654218882;B
20240220;100841;60.770000000;500;9654219158;B
20240220;100841;60.795000000;100;9654219159;B
20240220;100841;60.795000000;1400;9654219160;B
20240220;100842;60.795000000;2900;9654219235;B
20240220;100842;60.800000000;2800;9654219236;B
20240220;100842;60.800000000;100;9654219339;B
20240220;100845;60.800000000;300;9654219702;B
20240220;100846;60.800000000;6800;9654219912;B
20240220;100846;60.815000000;1800;9654219922;B
20240220;100846;60.820000000;13100;9654219923;B
20240220;100846;60.820000000;1000;9654219924;B
20240220;100846;60.820000000;100;9654219925;B
20240220;100846;60.820000000;300;9654219926;B
20240220;100846;60.830000000;800;9654219927;B
20240220;100846;60.850000000;5600;9654219928;B
20240220;100846;60.855000000;400;9654219929;B
20240220;100846;60.855000000;4000;9654219930;B
20240220;100846;60.860000000;1000;9654219931;B
20240220;100846;60.875000000;500;9654219932;B
20240220;100846;60.880000000;15400;9654219933;B
20240220;100846;60.870000000;200;9654219972;B
20240220;100852;60.855000000;200;9654221029;S
20240220;100852;60.855000000;400;9654221030;S
20240220;100852;60.855000000;400;9654221031;S
20240220;100852;60.865000000;300;9654221089;B
20240220;100852;60.870000000;2000;9654221090;B
20240220;100852;60.885000000;600;9654221091;B
20240220;100852;60.885000000;2600;9654221092;B
20240220;100852;60.890000000;100;9654221093;B
20240220;100854;60.870000000;100;9654221289;B
20240220;100854;60.870000000;100;9654221290;B
20240220;100856;60.865000000;300;9654221423;B
20240220;100856;60.870000000;700;9654221424;B
20240220;100857;60.855000000;100;9654221506;B
20240220;100857;60.865000000;2400;9654221507;B
20240220;100857;60.870000000;2000;9654221508;B
20240220;100857;60.875000000;300;9654221509;B
20240220;100857;60.890000000;900;9654221510;B
20240220;100857;60.890000000;200;9654221511;S
20240220;100857;60.890000000;400;9654221512;S
20240220;100857;60.890000000;3700;9654221513;S
20240220;100857;60.890000000;1000;9654221514;S
20240220;100857;60.890000000;1000;9654221518;B
20240220;100857;60.890000000;2000;9654221519;B
20240220;100857;60.890000000;1000;9654221520;B
20240220;100857;60.895000000;300;9654221521;B
20240220;100857;60.895000000;1000;9654221522;B
20240220;100857;60.900000000;2000;9654221523;B
20240220;100857;60.900000000;1000;9654221524;B
20240220;100857;60.900000000;1300;9654221525;S
20240220;100857;60.905000000;100;9654221539;S
20240220;100857;60.905000000;100;9654221540;S
20240220;100857;60.905000000;200;9654221541;S
20240220;100857;60.910000000;300;9654221596;B
20240220;100857;60.925000000;1600;9654221597;B
20240220;100857;60.930000000;400;9654221598;B
20240220;100857;60.930000000;1000;9654221599;B
20240220;100857;60.930000000;200;9654221600;B
20240220;100857;60.930000000;6500;9654221601;B
20240220;100858;60.920000000;100;9654221738;S
20240220;100858;60.940000000;500;9654221791;B
20240220;100900;60.940000000;500;9654222065;B
20240220;100900;60.945000000;300;9654222066;B
20240220;100900;60.945000000;200;9654222067;B
20240220;100901;60.935000000;500;9654222081;S
20240220;100901;60.930000000;100;9654222082;S
20240220;100901;60.930000000;300;9654222083;S
20240220;100901;60.930000000;300;9654222084;S
20240220;100901;60.925000000;200;9654222085;S
20240220;100902;60.935000000;100;9654222218;B
20240220;100903;60.925000000;400;9654222414;B
20240220;100903;60.925000000;300;9654222415;B
20240220;100903;60.930000000;1300;9654222416;B
20240220;100904;60.920000000;300;9654222527;B
20240220;100904;60.920000000;500;9654222528;B
20240220;100904;60.915000000;100;9654222586;S
20240220;100905;60.920000000;100;9654222806;B
20240220;100905;60.930000000;200;9654222807;B
20240220;100905;60.930000000;200;9654222808;B
20240220;100905;60.935000000;300;9654222809;B
20240220;100905;60.940000000;200;9654222841;B
20240220;100906;60.940000000;300;9654222935;B
20240220;100906;60.940000000;1000;9654223002;B
20240220;100908;60.940000000;1700;9654223239;S
20240220;100908;60.940000000;100;9654223244;S
20240220;100908;60.940000000;6400;9654223260;S
20240220;100910;60.905000000;500;9654223451;S
20240220;100910;60.905000000;300;9654223452;S
20240220;100910;60.900000000;6800;9654223453;S
20240220;100910;60.895000000;400;9654223454;S
20240220;100910;60.940000000;300;9654223467;B
20240220;100910;60.940000000;500;9654223468;B
20240220;100910;60.945000000;3300;9654223469;B
20240220;100910;60.950000000;1000;9654223470;B
20240220;100910;60.955000000;2300;9654223471;B
20240220;100910;60.955000000;12600;9654223472;B
20240220;100914;60.895000000;200;9654224315;S
20240220;100914;60.895000000;500;9654224316;S
20240220;100914;60.895000000;500;9654224332;S
20240220;100914;60.890000000;1000;9654224333;S
20240220;100914;60.890000000;300;9654224334;S
20240220;100914;60.880000000;200;9654224335;S
20240220;100916;60.910000000;100;9654224526;B
20240220;100916;60.910000000;500;9654224527;B
20240220;100916;60.915000000;200;9654224528;B
20240220;100916;60.920000000;200;9654224529;B
20240220;100918;60.900000000;100;9654224810;B
20240220;100919;60.895000000;100;9654225022;B
20240220;100919;60.900000000;500;9654225023;B
20240220;100919;60.915000000;300;9654225024;B
20240220;100919;60.920000000;1000;9654225025;B
20240220;100919;60.920000000;500;9654225026;B
20240220;100919;60.930000000;200;9654225027;B
20240220;100919;60.940000000;200;9654225028;B
20240220;100919;60.940000000;4200;9654225029;S
20240220;100920;60.900000000;500;9654225163;S
20240220;100920;60.895000000;100;9654225164;S
20240220;100921;60.895000000;100;9654225284;S
20240220;100921;60.875000000;300;9654225285;S
20240220;100921;60.875000000;100;9654225286;S
20240220;100924;60.930000000;100;9654225679;B
20240220;100924;60.930000000;1900;9654225680;B
20240220;100924;60.920000000;100;9654225738;B
20240220;100928;60.850000000;400;9654226221;S
20240220;100928;60.905000000;100;9654226241;B
20240220;100929;60.895000000;300;9654226395;B
20240220;100929;60.895000000;3100;9654226396;B
20240220;100929;60.900000000;200;9654226417;B
20240220;100932;60.900000000;500;9654226691;B
20240220;100934;60.865000000;500;9654226844;S
20240220;100934;60.865000000;300;9654226845;S
20240220;100934;60.860000000;300;9654226846;S
20240220;100935;60.880000000;100;9654227008;B
20240220;100937;60.840000000;500;9654227230;S
20240220;100937;60.840000000;1700;9654227231;S
20240220;100937;60.835000000;1400;9654227232;S
20240220;100937;60.830000000;6000;9654227233;S
20240220;100937;60.825000000;400;9654227234;S
20240220;100937;60.815000000;2900;9654227235;S
20240220;100937;60.865000000;500;9654227270;B
20240220;100937;60.875000000;3300;9654227271;B
20240220;100937;60.880000000;300;9654227272;B
20240220;100937;60.880000000;3000;9654227273;B
20240220;100937;60.890000000;800;9654227274;B
20240220;100937;60.895000000;1000;9654227275;B
20240220;100940;60.835000000;400;9654227683;B
20240220;100940;60.865000000;300;9654227684;B
20240220;100940;60.870000000;300;9654227685;B
20240220;100942;60.870000000;200;9654227901;B
20240220;100942;60.875000000;400;9654227902;B
20240220;100942;60.875000000;100;9654227903;B
20240220;100943;60.850000000;100;9654228040;B
20240220;100944;60.835000000;100;9654228160;B
20240220;100945;60.855000000;200;9654228353;B
20240220;100945;60.860000000;300;9654228354;B
20240220;100945;60.860000000;1500;9654228355;B
20240220;100947;60.860000000;1800;9654228598;B
20240220;100947;60.865000000;3300;9654228599;B
20240220;100951;60.845000000;100;9654229169;S
20240220;100951;60.840000000;900;9654229170;S
20240220;100951;60.860000000;100;9654229197;B
20240220;100952;60.860000000;100;9654229335;B
20240220;100956;60.840000000;500;9654229821;S
20240220;100958;60.840000000;100;9654230080;S
20240220;100959;60.840000000;100;9654230113;S
20240220;101001;60.840000000;100;9654230402;S
20240220;101002;60.845000000;200;9654230822;B
20240220;101002;60.855000000;1500;9654230823;B
20240220;101005;60.840000000;300;9654231299;S
20240220;101006;60.855000000;1500;9654231483;B
20240220;101006;60.855000000;500;9654231484;B
20240220;101008;60.860000000;200;9654231731;B
20240220;101008;60.860000000;500;9654231732;B
20240220;101010;60.855000000;3300;9654232018;B
20240220;101010;60.855000000;1000;9654232019;B
20240220;101012;60.860000000;300;9654232257;B
20240220;101013;60.860000000;200;9654232367;B
20240220;101013;60.860000000;4000;9654232378;B
20240220;101013;60.860000000;500;9654232379;B
20240220;101014;60.855000000;1500;9654232501;S
20240220;101015;60.860000000;100;9654232882;B
20240220;101016;60.865000000;100;9654232962;B
20240220;101016;60.860000000;100;9654232969;S
20240220;101019;60.865000000;200;9654233409;B
20240220;101019;60.865000000;400;9654233410;B
20240220;101019;60.865000000;100;9654233411;B
20240220;101021;60.860000000;800;9654233727;S
20240220;101022;60.865000000;1900;9654233837;B
20240220;101022;60.860000000;200;9654233841;S
20240220;101024;60.860000000;300;9654234033;S
20240220;101024;60.860000000;200;9654234034;S
20240220;101024;60.855000000;500;9654234035;S
20240220;101028;60.870000000;200;9654234541;B
20240220;101028;60.870000000;200;9654234542;B
20240220;101028;60.870000000;200;9654234543;B
20240220;101028;60.875000000;1400;9654234544;B
20240220;101029;60.870000000;200;9654234661;B
20240220;101029;60.875000000;600;9654234662;B
20240220;101030;60.875000000;200;9654234823;S
20240220;101030;60.880000000;200;9654234863;B
20240220;101031;60.890000000;2000;9654235115;B
20240220;101031;60.890000000;300;9654235116;B
20240220;101031;60.890000000;200;9654235123;B
20240220;101031;60.890000000;200;9654235124;B
20240220;101032;60.890000000;600;9654235163;B
20240220;101033;60.885000000;500;9654235372;S
20240220;101033;60.885000000;300;9654235388;S
20240220;101034;60.900000000;100;9654235503;B
20240220;101043;60.885000000;200;9654236722;S
20240220;101045;60.880000000;1000;9654236980;S
20240220;101045;60.885000000;100;9654236981;B
20240220;101047;60.875000000;1000;9654237174;S
20240220;101047;60.875000000;200;9654237175;S
20240220;101047;60.870000000;300;9654237176;S
20240220;101047;60.870000000;100;9654237177;S
20240220;101049;60.900000000;2000;9654237503;B
20240220;101051;60.900000000;100;9654237812;B
20240220;101054;60.900000000;300;9654238269;B
20240220;101054;60.900000000;2800;9654238278;B
20240220;101054;60.900000000;300;9654238279;B
20240220;101054;60.900000000;5000;9654238280;B
20240220;101054;60.900000000;7100;9654238281;B
20240220;101054;60.900000000;3000;9654238282;B
20240220;101054;60.905000000;400;9654238283;B
20240220;101054;60.905000000;400;9654238284;B
20240220;101054;60.905000000;100;9654238285;B
20240220;101054;60.910000000;900;9654238286;B
20240220;101054;60.910000000;100;9654238396;B
20240220;101054;60.910000000;200;9654238397;B
20240220;101054;60.915000000;100;9654238406;B
20240220;101055;60.935000000;100;9654238469;B
20240220;101056;60.935000000;100;9654238551;B
20240220;101056;60.935000000;100;9654238552;B
20240220;101057;60.930000000;500;9654238662;S
20240220;101057;60.930000000;1000;9654238663;S
20240220;101057;60.930000000;200;9654238721;B
20240220;101101;60.925000000;100;9654239490;S
20240220;101102;60.930000000;300;9654239564;B
20240220;101103;60.930000000;100;9654239867;B
20240220;101104;60.930000000;2800;9654239907;B
20240220;101104;60.930000000;8200;9654240076;B
20240220;101105;60.930000000;500;9654240171;B
20240220;101107;60.925000000;100;9654240570;S
20240220;101107;60.925000000;700;9654240571;S
20240220;101107;60.925000000;100;9654240572;S
20240220;101107;60.930000000;100;9654240648;B
20240220;101110;60.930000000;2000;9654241128;B
20240220;101112;60.925000000;200;9654241646;B
20240220;101112;60.930000000;600;9654241647;B
20240220;101112;60.935000000;200;9654241648;B
20240220;101112;60.935000000;200;9654241661;B
20240220;101117;60.925000000;200;9654242532;B
20240220;101118;60.935000000;900;9654242647;B
20240220;101118;60.935000000;100;9654242685;B
20240220;101120;60.935000000;3800;9654243067;B
20240220;101120;60.940000000;600;9654243068;B
20240220;101120;60.950000000;200;9654243069;B
20240220;101120;60.950000000;100;9654243070;B
20240220;101120;60.950000000;400;9654243071;B
20240220;101120;60.950000000;200;9654243072;B
20240220;101120;60.955000000;100;9654243073;B
20240220;101120;60.960000000;100;9654243074;B
20240220;101120;60.960000000;1200;9654243075;B
20240220;101120;60.960000000;5000;9654243076;B
20240220;101120;60.975000000;1000;9654243077;B
20240220;101120;60.985000000;100;9654243078;B
20240220;101120;60.985000000;500;9654243079;B
20240220;101120;60.985000000;100;9654243080;B
20240220;101120;60.985000000;100;9654243120;S
20240220;101121;60.985000000;100;9654243133;S
20240220;101121;60.985000000;100;9654243162;S
20240220;101121;60.990000000;300;9654243163;B
20240220;101121;60.990000000;900;9654243164;B
20240220;101121;60.985000000;3200;9654243205;S
20240220;101125;60.985000000;100;9654243773;S
20240220;101126;60.985000000;300;9654243904;S
20240220;101127;60.990000000;300;9654244057;B
20240220;101128;60.990000000;200;9654244319;B
20240220;101131;60.990000000;600;9654244746;B
20240220;101131;60.990000000;100;9654244747;B
20240220;101131;60.990000000;1300;9654244748;B
20240220;101133;60.990000000;600;9654244991;B
20240220;101134;60.985000000;3900;9654245207;S
20240220;101134;60.985000000;500;9654245208;S
20240220;101134;60.985000000;300;9654245209;S
20240220;101134;60.990000000;300;9654245249;B
20240220;101134;60.990000000;3300;9654245250;B
20240220;101134;60.990000000;100;9654245251;B
20240220;101134;60.990000000;300;9654245252;S
20240220;101135;60.995000000;100;9654245351;B
20240220;101135;60.990000000;100;9654245411;S
20240220;101137;60.995000000;4100;9654245582;B
20240220;101138;60.990000000;100;9654245706;S
20240220;101138;60.990000000;100;9654245710;S
20240220;101138;60.995000000;3800;9654245746;B
20240220;101138;60.995000000;200;9654245747;B
20240220;101138;60.995000000;200;9654245748;B
20240220;101138;60.995000000;200;9654245749;B
20240220;101138;60.995000000;300;9654245750;B
20240220;101138;61.000000000;2300;9654245751;B
20240220;101138;61.000000000;6600;9654245752;B
20240220;101138;61.000000000;400;9654245753;B
20240220;101138;61.000000000;700;9654245754;B
20240220;101138;61.000000000;300;9654245755;B
20240220;101138;61.000000000;100;9654245756;B
20240220;101138;61.000000000;4900;9654245757;B
20240220;101138;61.000000000;100;9654245758;B
20240220;101139;61.000000000;300;9654245863;B
20240220;101139;61.000000000;3500;9654245864;B
20240220;101139;61.000000000;3200;9654245865;B
20240220;101140;60.995000000;300;9654246058;S
20240220;101140;60.995000000;200;9654246160;S
20240220;101140;61.000000000;3800;9654246165;B
20240220;101140;61.000000000;200;9654246166;B
20240220;101140;61.000000000;100;9654246167;B
20240220;101141;60.995000000;300;9654246212;S
20240220;101141;61.000000000;10000;9654246227;B
20240220;101142;61.000000000;400;9654246426;B
20240220;101142;60.995000000;100;9654246523;S
20240220;101142;60.995000000;400;9654246524;S
20240220;101143;61.000000000;1000;9654246628;B
20240220;101143;60.995000000;500;9654246671;S
20240220;101144;61.000000000;500;9654246715;B
20240220;101151;60.995000000;100;9654247901;S
20240220;101151;60.990000000;5700;9654247902;S
20240220;101151;60.990000000;1200;9654247903;S
20240220;101153;61.000000000;2000;9654248183;B
20240220;101153;61.000000000;16100;9654248255;B
20240220;101153;61.000000000;400;9654248256;B
20240220;101153;61.005000000;300;9654248257;B
20240220;101153;61.010000000;400;9654248258;B
20240220;101153;61.050000000;2800;9654248259;B
20240220;101154;61.050000000;200;9654248582;B
20240220;101154;61.050000000;300;9654248583;B
20240220;101154;61.030000000;1000;9654248640;B
20240220;101154;61.030000000;2300;9654248644;B
20240220;101154;61.045000000;300;9654248645;B
20240220;101154;61.050000000;6700;9654248646;B
20240220;101154;61.060000000;2000;9654248647;B
20240220;101154;61.060000000;200;9654248648;B
20240220;101154;61.065000000;100;9654248649;B
20240220;101154;61.070000000;900;9654248650;B
20240220;101154;61.075000000;2500;9654248651;B
20240220;101154;61.045000000;500;9654248693;S
20240220;101154;61.045000000;1000;9654248694;S
20240220;101154;61.045000000;1000;9654248695;B
20240220;101155;61.040000000;200;9654248834;S
20240220;101156;61.070000000;500;9654248896;B
20240220;101156;61.075000000;1100;9654248897;B
20240220;101201;61.065000000;100;9654249640;S
20240220;101201;61.065000000;100;9654249641;S
20240220;101201;61.060000000;900;9654249642;S
20240220;101201;61.050000000;500;9654249643;S
20240220;101201;61.050000000;1000;9654249644;S
20240220;101201;61.040000000;700;9654249645;S
20240220;101202;61.070000000;3300;9654249781;B
20240220;101202;61.070000000;500;9654249782;B
20240220;101202;61.075000000;2200;9654249783;B
20240220;101203;61.075000000;1800;9654249858;B
20240220;101204;61.050000000;100;9654250254;B
20240220;101205;61.050000000;500;9654250417;B
20240220;101205;61.075000000;2400;9654250418;B
20240220;101205;61.080000000;100;9654250419;B
20240220;101205;61.085000000;300;9654250420;B
20240220;101205;61.085000000;200;9654250421;B
20240220;101205;61.095000000;100;9654250422;B
20240220;101205;61.095000000;500;9654250423;B
20240220;101205;61.100000000;5100;9654250424;B
20240220;101205;61.100000000;100;9654250425;B
20240220;101205;61.100000000;1000;9654250426;B
20240220;101205;61.100000000;600;9654250427;B
20240220;101205;61.105000000;2500;9654250428;B
20240220;101205;61.110000000;100;9654250429;B
20240220;101205;61.120000000;2500;9654250430;B
20240220;101205;61.125000000;3300;9654250431;B
20240220;101205;61.130000000;2500;9654250432;B
20240220;101205;61.135000000;3000;9654250433;B
20240220;101205;61.140000000;2500;9654250434;B
20240220;101205;61.145000000;2700;9654250435;B
20240220;101205;61.100000000;900;9654250538;B
20240220;101206;61.100000000;200;9654250546;B
20240220;101206;61.100000000;1500;9654250548;B
20240220;101206;61.100000000;3000;9654250549;B
20240220;101206;61.085000000;1000;9654250647;S
20240220;101206;61.080000000;1000;9654250648;S
20240220;101206;61.080000000;800;9654250649;S
20240220;101206;61.075000000;500;9654250738;S
20240220;101206;61.065000000;200;9654250739;S
20240220;101210;61.080000000;100;9654251746;B
20240220;101214;61.080000000;400;9654252318;B
20240220;101214;61.080000000;100;9654252319;B
20240220;101214;61.085000000;300;9654252320;B
20240220;101214;61.090000000;500;9654252321;B
20240220;101214;61.095000000;700;9654252322;B
20240220;101214;61.070000000;500;9654252332;S
20240220;101214;61.070000000;500;9654252333;S
20240220;101214;61.070000000;300;9654252334;S
20240220;101214;61.045000000;1000;9654252335;S
20240220;101214;61.035000000;6000;9654252336;S
20240220;101214;61.025000000;1000;9654252337;S
20240220;101214;61.020000000;6000;9654252338;S
20240220;101214;61.010000000;5700;9654252339;S
20240220;101214;61.005000000;100;9654252340;S
20240220;101214;61.005000000;17000;9654252341;S
20240220;101214;61.005000000;10000;9654252342;S
20240220;101214;61.000000000;900;9654252343;S
20240220;101214;61.000000000;300;9654252344;S
20240220;101214;61.000000000;29200;9654252345;S
20240220;101216;61.060000000;300;9654252685;S
20240220;101216;61.060000000;100;9654252686;S
20240220;101217;61.080000000;800;9654252893;S
20240220;101219;61.045000000;500;9654253207;B
20240220;101219;61.050000000;300;9654253208;B
20240220;101219;61.050000000;200;9654253209;B
20240220;101220;61.050000000;1000;9654253298;B
20240220;101220;61.075000000;200;9654253454;B
20240220;101221;61.080000000;1000;9654253494;B
20240220;101221;61.080000000;100;9654253495;S
20240220;101221;61.095000000;800;9654253543;B
20240220;101222;61.095000000;2500;9654253712;B
20240220;101222;61.095000000;400;9654253713;S
20240220;101223;61.095000000;800;9654253895;B
20240220;101224;61.095000000;100;9654254110;B
20240220;101224;61.095000000;400;9654254175;B
20240220;101224;61.050000000;500;9654254201;S
20240220;101224;61.050000000;100;9654254202;S
20240220;101224;61.050000000;1300;9654254203;S
20240220;101224;61.045000000;600;9654254204;S
20240220;101230;61.085000000;300;9654255135;B
20240220;101230;61.085000000;200;9654255136;B
20240220;101230;61.055000000;100;9654255162;S
20240220;101230;61.055000000;3000;9654255163;S
20240220;101230;61.050000000;500;9654255164;S
20240220;101230;61.050000000;100;9654255165;S
20240220;101230;61.050000000;200;9654255166;S
20240220;101230;61.045000000;6100;9654255167;S
20240220;101231;61.045000000;100;9654255247;S
20240220;101235;61.060000000;400;9654255926;B
20240220;101235;61.065000000;300;9654255927;B
20240220;101235;61.070000000;500;9654255928;B
20240220;101235;61.085000000;800;9654255929;B
20240220;101236;61.080000000;100;9654256016;B
20240220;101237;61.080000000;400;9654256161;B
20240220;101237;61.085000000;2500;9654256162;B
20240220;101237;61.085000000;6000;9654256163;B
20240220;101237;61.090000000;800;9654256164;B
20240220;101237;61.090000000;300;9654256165;B
20240220;101238;61.090000000;700;9654256269;B
20240220;101238;61.095000000;1800;9654256270;B
20240220;101238;61.100000000;2500;9654256271;B
20240220;101240;61.095000000;300;9654256521;B
20240220;101240;61.095000000;3300;9654256522;B
20240220;101240;61.100000000;3600;9654256523;B
20240220;101240;61.100000000;4400;9654256524;B
20240220;101240;61.100000000;400;9654256580;S
20240220;101242;61.110000000;100;9654256771;B
20240220;101242;61.120000000;5000;9654256772;B
20240220;101242;61.120000000;300;9654256773;B
20240220;101242;61.130000000;3300;9654256774;B
20240220;101242;61.140000000;1300;9654256775;B
20240220;101242;61.135000000;100;9654256858;S
20240220;101242;61.140000000;500;9654256880;B
20240220;101244;61.135000000;100;9654257129;S
20240220;101244;61.135000000;100;9654257130;S
20240220;101244;61.135000000;100;9654257131;S
20240220;101247;61.105000000;500;9654257673;S
20240220;101247;61.105000000;1000;9654257674;S
20240220;101249;61.120000000;100;9654257834;B
20240220;101253;61.125000000;1100;9654258524;B
20240220;101254;61.125000000;1300;9654258679;B
20240220;101254;61.125000000;300;9654258680;B
20240220;101256;61.140000000;700;9654258990;B
20240220;101256;61.140000000;500;9654258991;B
20240220;101256;61.140000000;300;9654258992;B
20240220;101256;61.150000000;500;9654258993;B
20240220;101256;61.150000000;500;9654258994;B
20240220;101256;61.150000000;600;9654258995;B
20240220;101256;61.155000000;100;9654258996;B
20240220;101256;61.155000000;300;9654258997;B
20240220;101256;61.160000000;500;9654258998;B
20240220;101257;61.135000000;200;9654259107;S
20240220;101258;61.125000000;900;9654259303;S
20240220;101258;61.120000000;100;9654259304;S
20240220;101259;61.135000000;2000;9654259432;B
20240220;101259;61.140000000;300;9654259433;B
20240220;101259;61.155000000;500;9654259434;B
20240220;101259;61.160000000;500;9654259435;B
20240220;101259;61.160000000;200;9654259436;B
20240220;101259;61.160000000;400;9654259437;B
20240220;101259;61.170000000;1500;9654259438;B
20240220;101301;61.130000000;200;9654259936;S
20240220;101303;61.160000000;500;9654260151;S
20240220;101304;61.175000000;100;9654260235;B
20240220;101304;61.175000000;300;9654260236;B
20240220;101304;61.175000000;600;9654260237;B
20240220;101304;61.180000000;100;9654260238;B
20240220;101305;61.180000000;200;9654260553;B
20240220;101306;61.160000000;100;9654260727;S
20240220;101307;61.170000000;100;9654260758;B
20240220;101307;61.175000000;200;9654260759;B
20240220;101307;61.160000000;200;9654260777;S
20240220;101307;61.140000000;300;9654260778;S
20240220;101307;61.140000000;500;9654260779;S
20240220;101307;61.140000000;100;9654260780;S
20240220;101307;61.135000000;600;9654260781;S
20240220;101308;61.160000000;100;9654260999;B
20240220;101308;61.165000000;100;9654261000;B
20240220;101308;61.175000000;500;9654261001;B
20240220;101308;61.175000000;2300;9654261002;B
20240220;101314;61.165000000;300;9654261768;B
20240220;101315;61.165000000;200;9654261899;B
20240220;101316;61.150000000;100;9654262031;S
20240220;101316;61.160000000;300;9654262069;B
20240220;101316;61.160000000;700;9654262070;B
20240220;101317;61.160000000;300;9654262221;B
20240220;101317;61.165000000;700;9654262222;B
20240220;101318;61.160000000;600;9654262284;B
20240220;101318;61.160000000;1000;9654262285;B
20240220;101318;61.165000000;400;9654262286;B
20240220;101318;61.135000000;100;9654262301;S
20240220;101319;61.120000000;300;9654262469;S
20240220;101320;61.120000000;200;9654262529;S
20240220;101322;61.120000000;400;9654262705;S
20240220;101328;61.130000000;300;9654263431;B
20240220;101328;61.135000000;3800;9654263432;B
20240220;101328;61.145000000;200;9654263433;B
20240220;101328;61.150000000;2500;9654263434;B
20240220;101328;61.150000000;100;9654263486;B
20240220;101329;61.120000000;100;9654263554;S
20240220;101334;61.135000000;100;9654264303;S
20240220;101334;61.130000000;1000;9654264304;S
20240220;101334;61.130000000;600;9654264317;S
20240220;101334;61.130000000;300;9654264318;S
20240220;101334;61.130000000;100;9654264319;S
20240220;101334;61.120000000;500;9654264320;S
20240220;101336;61.125000000;100;9654264720;S
20240220;101338;61.135000000;100;9654265228;B
20240220;101339;61.135000000;300;9654265419;B
20240220;101339;61.140000000;100;9654265420;B
20240220;101339;61.145000000;300;9654265421;B
20240220;101339;61.150000000;1300;9654265422;B
20240220;101339;61.120000000;1000;9654265449;S
20240220;101341;61.120000000;100;9654265731;S
20240220;101343;61.130000000;100;9654266118;B
20240220;101348;61.130000000;300;9654266861;B
20240220;101348;61.130000000;300;9654266862;B
20240220;101349;61.120000000;100;9654267157;S
20240220;101352;61.125000000;100;9654267604;B
20240220;101352;61.125000000;300;9654267605;B
20240220;101352;61.130000000;1100;9654267606;B
20240220;101352;61.135000000;400;9654267607;B
20240220;101352;61.140000000;700;9654267608;B
20240220;101353;61.135000000;300;9654267863;B
20240220;101354;61.120000000;100;9654268006;S
20240220;101355;61.120000000;100;9654268062;S
20240220;101356;61.130000000;100;9654268227;B
20240220;101357;61.120000000;100;9654268422;S
20240220;101400;61.135000000;300;9654268808;B
20240220;101400;61.135000000;1700;9654268809;B
20240220;101403;61.120000000;3000;9654269264;S
20240220;101404;61.120000000;600;9654269346;S
20240220;101404;61.120000000;500;9654269347;S
20240220;101404;61.115000000;100;9654269348;S
20240220;101404;61.115000000;300;9654269349;S
20240220;101404;61.110000000;900;9654269350;S
20240220;101404;61.110000000;500;9654269351;S
20240220;101404;61.110000000;100;9654269352;S
20240220;101404;61.105000000;200;9654269413;S
20240220;101404;61.105000000;5000;9654269414;S
20240220;101404;61.105000000;100;9654269415;S
20240220;101404;61.105000000;7500;9654269416;S
20240220;101404;61.100000000;18000;9654269417;S
20240220;101404;61.100000000;300;9654269418;S
20240220;101404;61.100000000;200;9654269419;S
20240220;101404;61.100000000;3000;9654269420;S
20240220;101404;61.100000000;100;9654269421;S
20240220;101404;61.100000000;5600;9654269422;S
20240220;101405;61.105000000;300;9654269465;B
20240220;101405;61.110000000;4500;9654269466;B
20240220;101405;61.120000000;200;9654269467;S
20240220;101405;61.100000000;100;9654269523;S
20240220;101405;61.100000000;100;9654269602;S
20240220;101409;61.120000000;100;9654270231;B
20240220;101409;61.120000000;300;9654270232;B
20240220;101409;61.130000000;500;9654270233;B
20240220;101409;61.130000000;100;9654270234;B
20240220;101414;61.110000000;100;9654270900;B
20240220;101414;61.115000000;100;9654270967;B
20240220;101419;61.100000000;2700;9654271704;S
20240220;101419;61.100000000;1300;9654271705;S
20240220;101421;61.105000000;300;9654271988;B
20240220;101421;61.110000000;100;9654271989;B
20240220;101421;61.115000000;1000;9654271990;B
20240220;101421;61.115000000;100;9654271991;B
20240220;101421;61.120000000;500;9654271992;B
20240220;101426;61.100000000;100;9654272598;S
20240220;101427;61.110000000;200;9654272733;B
20240220;101427;61.110000000;400;9654272750;B
20240220;101428;61.100000000;100;9654272828;S
20240220;101428;61.100000000;400;9654272961;S
20240220;101429;61.100000000;100;9654273192;S
20240220;101430;61.100000000;2000;9654273344;S
20240220;101430;61.100000000;100;9654273345;S
20240220;101430;61.085000000;300;9654273346;S
20240220;101431;61.100000000;500;9654273425;B
20240220;101432;61.100000000;300;9654273588;B
20240220;101432;61.100000000;100;9654273589;B
20240220;101432;61.105000000;3300;9654273590;B
20240220;101432;61.110000000;1300;9654273591;B
20240220;101434;61.105000000;200;9654273978;B
20240220;101437;61.085000000;200;9654274831;S
20240220;101438;61.090000000;300;9654275063;B
