<DATE>;<TIME>;<LAST>;<VOL>;<ID>;<OPER>
20240228;095959;62.19;1000;9707828326;B
20240228;095959;62.19;900;9707828327;B
20240228;095959;62.19;100;9707828328;B
20240228;095959;62.19;100;9707828329;B
20240228;095959;62.19;200;9707828330;S
20240228;095959;62.19;100;9707828331;B
20240228;095959;62.19;100;9707828332;B
20240228;095959;62.19;200;9707828333;B
20240228;095959;62.19;200;9707828334;B
20240228;095959;62.19;200;9707828335;B
20240228;095959;62.19;100;9707828336;B
20240228;095959;62.19;200;9707828337;B
20240228;095959;62.19;800;9707828338;B
20240228;095959;62.19;100;9707828339;B
20240228;095959;62.19;300;9707828340;B
20240228;095959;62.19;300;9707828341;B
20240228;095959;62.19;100;9707828342;B
20240228;095959;62.19;100;9707828343;B
20240228;095959;62.19;900;9707828344;S
20240228;095959;62.19;100;9707828345;B
20240228;095959;62.19;500;9707828346;B
20240228;095959;62.19;100;9707828347;B
20240228;095959;62.19;200;9707828348;S
20240228;095959;62.19;100;9707828349;B
20240228;095959;62.19;100;9707828350;B
20240228;095959;62.19;100;9707828351;B
20240228;095959;62.19;900;9707828352;B
20240228;095959;62.19;200;9707828353;S
20240228;095959;62.19;200;9707828354;S
20240228;095959;62.19;100;9707828355;S
20240228;095959;62.19;100;9707828356;B
20240228;095959;62.19;100;9707828357;B
20240228;095959;62.19;300;9707828358;B
20240228;095959;62.19;100;9707828359;S
20240228;095959;62.19;200;9707828360;S
20240228;095959;62.19;100;9707828361;S
20240228;100000;62.19;1300;9707828451;S
20240228;100000;62.19;100;9707828452;S
20240228;100000;62.19;200;9707828453;S
20240228;100000;62.19;1800;9707828454;S
20240228;100000;62.185;300;9707828512;S
20240228;100000;62.18;300;9707828545;S
20240228;100000;62.18;100;9707828546;S
20240228;100000;62.175;100;9707828558;S
20240228;100000;62.175;200;9707828559;S
20240228;100000;62.175;1000;9707828560;S
20240228;100000;62.175;200;9707828561;S
20240228;100000;62.175;2300;9707828562;S
20240228;100000;62.14;400;9707828797;B
20240228;100002;62.11;100;9707830130;S
20240228;100002;62.1;100;9707830131;S
20240228;100002;62.1;100;9707830132;S
20240228;100002;62.1;500;9707830485;S
20240228;100002;62.1;100;9707830722;S
20240228;100002;62.1;100;9707830731;S
20240228;100003;62.12;100;9707831245;B
20240228;100004;62.12;100;9707831725;B
20240228;100004;62.12;100;9707831727;B
20240228;100004;62.1;200;9707831814;S
20240228;100004;62.1;200;9707831815;S
20240228;100004;62.12;800;9707831970;B
20240228;100005;62.1;100;9707832521;S
20240228;100005;62.1;100;9707832689;S
20240228;100005;62.1;100;9707832715;S
20240228;100005;62.1;100;9707833372;S
20240228;100005;62.1;500;9707833381;S
20240228;100006;62.1;100;9707833714;S
20240228;100006;62.1;300;9707833727;S
20240228;100006;62.1;100;9707833728;S
20240228;100006;62.1;1000;9707833729;S
20240228;100006;62.1;100;9707833730;S
20240228;100006;62.075;100;9707833731;S
20240228;100006;62.075;300;9707833732;S
20240228;100006;62.055;2900;9707833733;S
20240228;100006;62.05;400;9707833734;S
20240228;100006;62.05;2000;9707833735;S
20240228;100006;62.045;11400;9707833736;B
20240228;100006;62.035;200;9707834370;S
20240228;100006;62.035;100;9707834371;S
20240228;100006;62.035;1500;9707834402;S
20240228;100007;62.035;500;9707834772;S
20240228;100007;62.035;100;9707834995;S
20240228;100008;62.07;100;9707835349;B
20240228;100009;62.035;100;9707835690;S
20240228;100010;62.03;300;9707835967;S
20240228;100010;62.035;100;9707836173;S
20240228;100010;62.07;200;9707836174;B
20240228;100010;62.035;400;9707836181;S
20240228;100010;62.03;700;9707836182;S
20240228;100010;62.03;1100;9707836183;S
20240228;100011;62.06;1600;9707836512;B
20240228;100011;62.06;200;9707836550;B
20240228;100011;62.06;100;9707836870;B
20240228;100012;62.04;2000;9707837046;S
20240228;100012;62.035;100;9707837047;S
20240228;100014;62.035;500;9707837646;S
20240228;100016;62.065;100;9707838198;B
20240228;100016;62.07;100;9707838199;B
20240228;100016;62.08;2300;9707838200;B
20240228;100019;62.04;2000;9707838876;S
20240228;100019;62.035;600;9707838877;S
20240228;100019;62.035;1000;9707838878;S
20240228;100019;62.035;200;9707838879;S
20240228;100019;62.03;200;9707838880;S
20240228;100019;62.02;200;9707838881;S
20240228;100019;62.02;1100;9707838882;S
20240228;100019;62.015;3300;9707838883;S
20240228;100019;62.01;1000;9707838884;S
20240228;100019;62.01;4000;9707838885;S
20240228;100019;62.005;2200;9707838886;S
20240228;100019;62.005;1000;9707838887;S
20240228;100019;62.005;4000;9707838888;S
20240228;100019;62;3500;9707838889;S
20240228;100019;62;200;9707838890;S
20240228;100019;62;5000;9707838891;S
20240228;100019;62;100;9707838892;S
20240228;100019;62;100;9707838893;S
20240228;100019;62;2000;9707838894;S
20240228;100019;62;500;9707838895;S
20240228;100019;61.995;100;9707838896;S
20240228;100019;61.985;100;9707838897;S
20240228;100019;61.975;200;9707838898;S
20240228;100019;61.965;100;9707838899;S
20240228;100019;61.96;7300;9707838900;S
20240228;100019;61.965;600;9707838901;S
20240228;100019;61.995;100;9707838916;B
20240228;100019;62.015;200;9707838917;B
20240228;100019;62.015;2900;9707838918;B
20240228;100020;61.995;1300;9707839001;S
20240228;100020;62;300;9707839024;S
20240228;100020;62.035;100;9707839207;B
20240228;100025;62.005;3300;9707840401;S
20240228;100025;62;1400;9707840402;S
20240228;100025;62;7100;9707840403;S
20240228;100025;61.99;200;9707840527;B
20240228;100025;61.995;2000;9707840528;B
20240228;100025;62.005;2000;9707840529;B
20240228;100025;62.015;2000;9707840530;B
20240228;100025;62.025;2000;9707840531;B
20240228;100025;62.03;4200;9707840532;B
20240228;100025;62.03;4600;9707840533;S
20240228;100025;62.045;2000;9707840534;S
20240228;100025;62.045;1200;9707840535;S
20240228;100025;62.045;1800;9707840536;S
20240228;100026;61.995;1700;9707840721;S
20240228;100027;61.99;700;9707841020;B
20240228;100027;61.98;200;9707841267;S
20240228;100028;61.985;200;9707841536;B
20240228;100028;61.99;100;9707841537;B
20240228;100028;61.99;900;9707841580;B
20240228;100029;61.99;300;9707841836;B
20240228;100029;61.995;100;9707841837;B
20240228;100031;61.975;100;9707842227;S
20240228;100031;61.97;100;9707842228;S
20240228;100035;61.97;100;9707843510;S
20240228;100036;61.995;200;9707843701;B
20240228;100036;62;200;9707843702;B
20240228;100036;62;700;9707843756;B
20240228;100037;61.975;800;9707844057;S
20240228;100038;61.975;300;9707844284;S
20240228;100040;61.99;200;9707844777;B
20240228;100040;61.995;1100;9707844778;B
20240228;100040;61.99;300;9707844795;S
20240228;100040;61.995;3000;9707844999;B
20240228;100043;61.99;100;9707846017;B
20240228;100046;61.975;200;9707846758;S
20240228;100046;61.975;500;9707846759;S
20240228;100050;61.975;1000;9707847592;B
20240228;100050;61.97;200;9707847819;S
20240228;100050;61.97;500;9707847820;S
20240228;100050;61.97;1200;9707847821;S
20240228;100050;61.97;1000;9707847822;S
20240228;100055;61.975;1000;9707849201;B
20240228;100059;61.97;300;9707850601;S
20240228;100100;61.975;300;9707850955;B
20240228;100100;61.975;200;9707850956;B
20240228;100100;61.975;100;9707850957;B
20240228;100100;61.99;100;9707850958;B
20240228;100101;61.99;6600;9707851172;B
20240228;100101;61.995;100;9707851360;B
20240228;100101;62;300;9707851361;B
20240228;100106;62;5800;9707852756;B
20240228;100106;62;100;9707852757;B
20240228;100107;62.01;1000;9707853018;S
20240228;100107;62.005;700;9707853019;S
20240228;100108;62.015;1000;9707853504;S
20240228;100111;62.02;100;9707853947;S
20240228;100114;62.02;4900;9707854587;S
20240228;100114;62.025;200;9707854742;B
20240228;100114;62.025;200;9707854743;B
20240228;100114;62.03;29600;9707854744;B
20240228;100126;62.035;400;9707857005;B
20240228;100126;62.04;500;9707857006;B
20240228;100126;62.04;3100;9707857007;B
20240228;100127;62.04;100;9707857052;B
20240228;100127;62.045;500;9707857053;B
20240228;100127;62.05;200;9707857054;B
20240228;100127;62.05;200;9707857055;B
20240228;100127;62.065;300;9707857174;B
20240228;100129;62.065;3700;9707857546;B
20240228;100129;62.065;1200;9707857547;B
20240228;100129;62.07;200;9707857548;B
20240228;100129;62.07;1200;9707857549;B
20240228;100129;62.075;2000;9707857550;B
20240228;100129;62.075;1200;9707857551;B
20240228;100129;62.085;2000;9707857552;B
20240228;100129;62.095;2000;9707857553;B
20240228;100129;62.095;800;9707857554;B
20240228;100129;62.1;200;9707857555;B
20240228;100129;62.105;2000;9707857556;B
20240228;100129;62.105;200;9707857557;B
20240228;100129;62.11;2500;9707857558;B
20240228;100129;62.11;200;9707857559;B
20240228;100129;62.115;600;9707857560;B
20240228;100131;62.115;400;9707857965;B
20240228;100134;62.11;2000;9707858604;B
20240228;100134;62.11;1200;9707858605;B
20240228;100134;62.11;900;9707858606;B
20240228;100136;62.035;100;9707859185;S
20240228;100142;62.035;100;9707860388;S
20240228;100142;62.035;100;9707860389;S
20240228;100143;62.03;4100;9707860605;S
20240228;100143;62.03;3300;9707860606;S
20240228;100143;62.025;5000;9707860607;S
20240228;100143;62.025;700;9707860608;S
20240228;100143;62.02;1100;9707860609;S
20240228;100143;62.02;100;9707860610;S
20240228;100143;62.02;1200;9707860611;S
20240228;100143;62.015;2000;9707860612;S
20240228;100143;62.015;1200;9707860613;S
20240228;100143;62.01;1200;9707860614;S
20240228;100143;62.005;2000;9707860615;S
20240228;100143;62.005;4100;9707860616;S
20240228;100144;62.05;500;9707860782;B
20240228;100145;62.055;1000;9707861083;B
20240228;100147;62.01;100;9707861803;S
20240228;100147;62.05;100;9707861859;B
20240228;100147;62.055;200;9707861860;B
20240228;100147;62.055;200;9707861861;B
20240228;100147;62.055;1500;9707861862;B
20240228;100151;62.055;100;9707862802;B
20240228;100154;62.055;200;9707863320;B
20240228;100156;62.01;100;9707863654;S
20240228;100202;62.055;200;9707864851;S
20240228;100205;62.07;1200;9707865748;B
20240228;100205;62.07;2000;9707865749;B
20240228;100205;62.075;200;9707865750;B
20240228;100205;62.075;1200;9707865751;B
20240228;100205;62.08;1200;9707865752;B
20240228;100205;62.08;2000;9707865753;B
20240228;100205;62.08;2200;9707865754;B
20240228;100210;62.095;2000;9707866837;B
20240228;100210;62.1;200;9707866838;B
20240228;100213;62.075;400;9707867278;B
20240228;100214;62.075;2000;9707867358;B
20240228;100216;62.065;800;9707867824;S
20240228;100220;62.075;1000;9707868634;B
20240228;100224;62.075;200;9707869228;B
20240228;100224;62.07;300;9707869252;S
20240228;100224;62.07;100;9707869259;S
20240228;100226;62.075;100;9707869462;B
20240228;100226;62.07;200;9707869534;S
20240228;100228;62.075;70000;9707869782;B
20240228;100229;62.075;6300;9707869997;B
20240228;100230;62.095;2000;9707870048;B
20240228;100230;62.095;1200;9707870049;B
20240228;100230;62.1;100;9707870050;B
20240228;100233;62.095;1200;9707870779;B
20240228;100233;62.1;24900;9707870780;B
20240228;100233;62.1;1200;9707870781;B
20240228;100234;62.115;100;9707871030;B
20240228;100241;62.12;100;9707872358;B
20240228;100242;62.12;1900;9707872611;B
20240228;100242;62.145;100;9707872612;B
20240228;100242;62.145;2800;9707872613;B
20240228;100249;62.145;1500;9707873658;B
20240228;100249;62.15;1200;9707873659;B
20240228;100249;62.155;1200;9707873660;B
20240228;100249;62.16;1200;9707873661;B
20240228;100249;62.165;2000;9707873662;B
20240228;100249;62.17;2900;9707873663;B
20240228;100251;62.15;1000;9707873914;S
20240228;100255;62.16;800;9707874509;S
20240228;100255;62.16;200;9707874510;S
20240228;100255;62.155;3000;9707874511;S
20240228;100258;62.165;200;9707874827;B
20240228;100258;62.17;1200;9707874828;B
20240228;100258;62.17;900;9707874829;B
20240228;100300;62.155;200;9707875102;S
20240228;100316;62.175;100;9707877736;B
20240228;100316;62.175;100;9707877737;B
20240228;100320;62.165;100;9707878441;S
20240228;100320;62.165;100;9707878442;S
20240228;100320;62.16;300;9707878443;S
20240228;100321;62.175;1100;9707878619;B
20240228;100325;62.18;1200;9707879221;B
20240228;100325;62.18;10000;9707879222;B
20240228;100325;62.185;1200;9707879223;B
20240228;100325;62.19;400;9707879224;B
20240228;100325;62.19;1200;9707879225;B
20240228;100325;62.195;10800;9707879226;B
20240228;100325;62.195;200;9707879227;B
20240228;100325;62.195;100;9707879228;B
20240228;100325;62.2;100;9707879229;B
20240228;100325;62.2;100;9707879230;B
20240228;100325;62.2;1000;9707879231;B
20240228;100325;62.205;1000;9707879321;B
20240228;100326;62.205;200;9707879379;B
20240228;100326;62.205;1000;9707879427;B
20240228;100327;62.205;3800;9707879542;B
20240228;100327;62.205;100;9707879543;B
20240228;100327;62.205;200;9707879544;B
20240228;100327;62.21;200;9707879545;B
20240228;100327;62.215;900;9707879546;B
20240228;100327;62.215;200;9707879547;B
20240228;100327;62.22;200;9707879548;B
20240228;100327;62.22;1000;9707879549;B
20240228;100327;62.225;200;9707879550;B
20240228;100327;62.225;1300;9707879551;B
20240228;100327;62.23;100;9707879552;B
20240228;100327;62.23;100;9707879553;B
20240228;100327;62.23;1700;9707879554;B
20240228;100327;62.23;10000;9707879591;B
20240228;100327;62.23;500;9707879592;B
20240228;100327;62.22;1000;9707879707;S
20240228;100327;62.23;1700;9707879708;B
20240228;100328;62.23;6100;9707879780;B
20240228;100328;62.23;200;9707879781;B
20240228;100328;62.23;13700;9707879782;B
20240228;100328;62.23;2500;9707879800;B
20240228;100328;62.23;2500;9707879889;B
20240228;100329;62.23;5000;9707880125;B
20240228;100330;62.23;200;9707880287;B
20240228;100330;62.23;1000;9707880333;B
20240228;100330;62.23;1000;9707880364;B
20240228;100330;62.23;100;9707880369;B
20240228;100330;62.23;1000;9707880376;B
20240228;100331;62.23;1000;9707880404;B
20240228;100331;62.23;100;9707880435;B
20240228;100331;62.23;1600;9707880546;B
20240228;100331;62.23;300;9707880550;B
20240228;100332;62.23;100;9707880579;B
20240228;100332;62.23;2100;9707880654;B
20240228;100332;62.235;1600;9707880655;B
20240228;100332;62.235;500;9707880656;B
20240228;100332;62.235;1800;9707880657;B
20240228;100332;62.24;100;9707880658;B
20240228;100332;62.24;100;9707880659;B
20240228;100332;62.24;1300;9707880660;B
20240228;100333;62.24;1000;9707880791;B
20240228;100333;62.24;4000;9707880792;B
20240228;100333;62.245;300;9707880793;B
20240228;100333;62.245;100;9707880794;B
20240228;100333;62.245;100;9707880795;B
20240228;100333;62.245;2000;9707880796;B
20240228;100333;62.245;2200;9707880797;B
20240228;100333;62.245;300;9707880798;B
20240228;100333;62.245;1000;9707880801;B
20240228;100333;62.245;100;9707880842;B
20240228;100333;62.25;20000;9707880942;B
20240228;100333;62.25;2000;9707880943;B
20240228;100333;62.25;4700;9707880944;B
20240228;100333;62.25;200;9707880945;B
20240228;100333;62.25;100;9707880946;B
20240228;100333;62.25;17000;9707880947;B
20240228;100333;62.25;12900;9707880948;B
20240228;100333;62.25;300;9707880949;B
20240228;100333;62.25;10500;9707880950;B
20240228;100333;62.25;15200;9707880951;B
20240228;100333;62.25;100;9707880970;B
20240228;100333;62.25;100;9707880971;B
20240228;100333;62.25;800;9707880972;B
20240228;100333;62.25;500;9707880975;B
20240228;100333;62.25;2800;9707880977;B
20240228;100333;62.25;2200;9707880978;B
20240228;100333;62.25;1100;9707880981;B
20240228;100333;62.25;1700;9707881003;B
20240228;100333;62.25;100;9707881004;B
20240228;100333;62.245;200;9707881008;S
20240228;100333;62.25;100;9707881010;B
20240228;100333;62.25;5000;9707881033;B
20240228;100333;62.25;100;9707881034;B
20240228;100333;62.25;100;9707881035;B
20240228;100333;62.25;7200;9707881036;B
20240228;100333;62.25;2400;9707881038;B
20240228;100333;62.25;2600;9707881039;B
20240228;100333;62.25;100;9707881041;B
20240228;100333;62.25;100;9707881049;B
20240228;100333;62.25;200;9707881050;B
20240228;100333;62.25;5000;9707881051;B
20240228;100333;62.25;2800;9707881052;B
20240228;100333;62.25;100;9707881053;B
20240228;100333;62.255;2200;9707881054;B
20240228;100333;62.255;9900;9707881055;B
20240228;100333;62.255;100;9707881058;B
20240228;100333;62.255;300;9707881059;B
20240228;100333;62.255;200;9707881060;B
20240228;100333;62.255;100;9707881061;B
20240228;100333;62.255;900;9707881063;B
20240228;100333;62.255;3000;9707881064;B
20240228;100333;62.255;400;9707881070;B
20240228;100334;62.255;100;9707881076;B
20240228;100334;62.255;25000;9707881077;B
20240228;100334;62.255;2000;9707881081;B
20240228;100334;62.255;4900;9707881112;B
20240228;100334;62.255;10000;9707881113;B
20240228;100334;62.255;2000;9707881116;B
20240228;100334;62.255;7500;9707881118;B
20240228;100334;62.255;100;9707881121;B
20240228;100334;62.255;2000;9707881125;B
20240228;100334;62.255;1500;9707881127;B
20240228;100334;62.265;300;9707881128;B
20240228;100334;62.265;300;9707881129;B
20240228;100334;62.265;100;9707881180;B
20240228;100334;62.265;100;9707881188;B
20240228;100334;62.265;100;9707881189;B
20240228;100334;62.26;400;9707881191;S
20240228;100334;62.265;100;9707881192;B
20240228;100334;62.265;100;9707881214;B
20240228;100334;62.265;100;9707881215;B
20240228;100334;62.26;800;9707881217;S
20240228;100334;62.255;700;9707881218;S
20240228;100334;62.265;3800;9707881222;B
20240228;100334;62.265;100;9707881223;B
20240228;100334;62.265;100;9707881224;B
20240228;100334;62.27;100;9707881225;B
20240228;100334;62.27;200;9707881226;B
20240228;100334;62.27;100;9707881227;B
20240228;100334;62.27;300;9707881228;B
20240228;100334;62.27;200;9707881229;B
20240228;100334;62.27;1000;9707881230;B
20240228;100334;62.275;300;9707881231;B
20240228;100334;62.275;100;9707881232;B
20240228;100334;62.275;3700;9707881233;B
20240228;100334;62.28;100;9707881299;B
20240228;100334;62.28;100;9707881300;B
20240228;100334;62.28;100;9707881301;B
20240228;100334;62.28;100;9707881302;B
20240228;100334;62.285;100;9707881304;B
20240228;100334;62.285;600;9707881305;B
20240228;100334;62.285;200;9707881306;B
20240228;100334;62.285;200;9707881307;B
20240228;100334;62.285;3500;9707881308;B
20240228;100334;62.285;2000;9707881318;B
20240228;100334;62.27;1200;9707881330;S
20240228;100334;62.27;200;9707881331;S
20240228;100334;62.27;100;9707881351;B
20240228;100334;62.27;200;9707881355;B
20240228;100334;62.27;2000;9707881356;B
20240228;100334;62.27;100;9707881357;B
20240228;100334;62.27;1200;9707881359;B
20240228;100334;62.27;800;9707881360;B
20240228;100334;62.27;100;9707881362;B
20240228;100334;62.27;800;9707881363;B
20240228;100334;62.265;100;9707881364;B
20240228;100334;62.27;23300;9707881365;B
20240228;100334;62.27;100;9707881366;B
20240228;100334;62.28;1700;9707881367;B
20240228;100334;62.28;200;9707881368;B
20240228;100334;62.285;4600;9707881369;B
20240228;100334;62.285;100;9707881373;B
20240228;100334;62.285;1000;9707881374;B
20240228;100334;62.285;6000;9707881376;B
20240228;100334;62.285;100;9707881378;B
20240228;100334;62.29;100;9707881380;B
20240228;100334;62.29;400;9707881381;B
20240228;100334;62.29;600;9707881382;B
20240228;100334;62.29;200;9707881383;B
20240228;100334;62.29;100;9707881384;B
20240228;100334;62.29;100;9707881386;B
20240228;100334;62.29;1900;9707881416;B
20240228;100334;62.29;300;9707881417;B
20240228;100334;62.29;200;9707881418;B
20240228;100334;62.29;200;9707881419;B
20240228;100334;62.29;400;9707881420;B
20240228;100334;62.29;1700;9707881436;B
20240228;100334;62.29;100;9707881437;B
20240228;100334;62.29;700;9707881438;B
20240228;100334;62.29;500;9707881439;B
20240228;100335;62.29;3500;9707881457;B
20240228;100335;62.29;2700;9707881458;B
20240228;100335;62.295;100;9707881459;B
20240228;100335;62.295;100;9707881460;B
20240228;100335;62.295;6600;9707881461;B
20240228;100335;62.29;100;9707881491;B
20240228;100335;62.295;100;9707881493;B
20240228;100335;62.295;100;9707881494;B
20240228;100335;62.295;100;9707881495;B
20240228;100335;62.295;200;9707881496;B
20240228;100335;62.29;3000;9707881525;S
20240228;100335;62.29;2100;9707881526;S
20240228;100335;62.29;1500;9707881568;B
20240228;100335;62.285;100;9707881593;S
20240228;100335;62.29;200;9707881629;B
20240228;100335;62.285;300;9707881642;S
20240228;100336;62.29;200;9707881784;B
20240228;100337;62.29;100;9707882064;B
20240228;100338;62.285;200;9707882341;S
20240228;100338;62.285;100;9707882342;S
20240228;100338;62.285;500;9707882343;S
20240228;100338;62.285;100;9707882344;S
20240228;100339;62.28;700;9707882446;S
20240228;100340;62.285;1100;9707882673;B
20240228;100340;62.285;3300;9707882674;B
20240228;100340;62.285;1400;9707882675;B
20240228;100340;62.285;5000;9707882676;B
20240228;100340;62.29;900;9707882677;B
20240228;100340;62.29;4300;9707882678;B
20240228;100340;62.285;500;9707882840;B
20240228;100340;62.285;100;9707882909;B
20240228;100341;62.285;1500;9707883079;B
20240228;100344;62.285;100;9707883673;B
20240228;100346;62.28;1900;9707884038;S
20240228;100346;62.28;100;9707884039;S
20240228;100348;62.285;3200;9707884442;B
20240228;100349;62.285;500;9707884586;B
20240228;100350;62.28;200;9707884843;S
20240228;100350;62.28;1300;9707884844;S
20240228;100350;62.28;300;9707884845;S
20240228;100350;62.275;1000;9707884846;S
20240228;100350;62.275;1200;9707884847;S
20240228;100350;62.27;1200;9707884848;S
20240228;100350;62.27;2600;9707884849;S
20240228;100350;62.265;400;9707884850;S
20240228;100351;62.265;400;9707884986;B
20240228;100351;62.27;1500;9707884987;B
20240228;100351;62.275;400;9707884988;B
20240228;100351;62.27;1000;9707885012;B
20240228;100351;62.275;200;9707885013;B
20240228;100351;62.275;400;9707885014;B
20240228;100351;62.28;3300;9707885015;B
20240228;100351;62.285;3100;9707885016;B
20240228;100351;62.26;500;9707885040;S
20240228;100351;62.26;100;9707885077;S
20240228;100353;62.27;200;9707885326;B
20240228;100353;62.275;1300;9707885327;B
20240228;100354;62.26;300;9707885632;S
20240228;100354;62.26;2700;9707885633;S
20240228;100355;62.27;700;9707885690;B
20240228;100355;62.275;1000;9707885691;B
20240228;100355;62.275;200;9707885692;B
20240228;100355;62.28;400;9707885693;B
20240228;100355;62.28;200;9707885694;B
20240228;100355;62.28;1000;9707885695;B
20240228;100355;62.285;2400;9707885696;B
20240228;100355;62.285;100;9707885697;B
20240228;100355;62.285;2500;9707885698;B
20240228;100355;62.29;700;9707885699;B
20240228;100355;62.29;20000;9707885700;B
20240228;100355;62.29;100;9707885701;B
20240228;100355;62.295;100;9707885702;B
20240228;100355;62.295;3000;9707885703;B
20240228;100355;62.3;100;9707885704;B
20240228;100355;62.3;200;9707885705;B
20240228;100355;62.3;100;9707885706;B
20240228;100355;62.3;100;9707885707;B
20240228;100355;62.3;100;9707885708;B
20240228;100355;62.3;100;9707885709;B
20240228;100355;62.3;200;9707885710;B
20240228;100355;62.3;20000;9707885711;B
20240228;100355;62.3;100;9707885712;B
20240228;100355;62.3;200;9707885713;B
20240228;100355;62.3;100;9707885714;B
20240228;100355;62.3;100;9707885715;B
20240228;100355;62.3;100;9707885716;B
20240228;100355;62.3;400;9707885717;B
20240228;100355;62.3;500;9707885718;B
20240228;100355;62.31;300;9707885719;B
20240228;100355;62.31;200;9707885720;B
20240228;100355;62.31;100;9707885721;B
20240228;100355;62.32;200;9707885722;B
20240228;100355;62.32;800;9707885723;B
20240228;100355;62.32;3300;9707885724;B
20240228;100355;62.325;300;9707885725;B
20240228;100355;62.325;100;9707885726;B
20240228;100355;62.325;10000;9707885727;B
20240228;100355;62.325;500;9707885728;B
20240228;100355;62.325;2100;9707885729;B
20240228;100355;62.32;3600;9707885730;B
20240228;100355;62.325;4900;9707885731;B
20240228;100355;62.33;200;9707885732;B
20240228;100355;62.33;8000;9707885733;B
20240228;100355;62.335;2300;9707885734;B
20240228;100355;62.335;300;9707885735;B
20240228;100355;62.325;100;9707885745;B
20240228;100355;62.325;200;9707885746;B
20240228;100355;62.325;200;9707885748;B
20240228;100355;62.3;500;9707885751;B
20240228;100355;62.3;200;9707885760;B
20240228;100355;62.295;100;9707885796;S
20240228;100355;62.295;100;9707885814;S
20240228;100355;62.295;200;9707885834;S
20240228;100355;62.295;100;9707885836;S
20240228;100355;62.29;900;9707885837;S
20240228;100355;62.3;1300;9707885862;B
20240228;100355;62.3;100;9707885863;B
20240228;100355;62.3;100;9707885864;B
20240228;100355;62.31;3000;9707885865;B
20240228;100355;62.31;200;9707885866;B
20240228;100355;62.31;100;9707885867;B
20240228;100355;62.31;300;9707885868;B
20240228;100355;62.335;1900;9707885869;B
20240228;100356;62.305;400;9707885909;S
20240228;100356;62.3;100;9707885942;S
20240228;100356;62.295;300;9707885962;S
20240228;100356;62.295;300;9707885963;S
20240228;100356;62.28;300;9707885965;S
20240228;100356;62.3;1000;9707885966;B
20240228;100356;62.3;100;9707885967;B
20240228;100356;62.285;500;9707886021;B
20240228;100357;62.285;100;9707886136;B
20240228;100357;62.3;3400;9707886137;B
20240228;100357;62.29;400;9707886173;B
20240228;100357;62.295;4900;9707886174;B
20240228;100357;62.3;3700;9707886175;B
20240228;100401;62.28;100;9707886894;B
20240228;100401;62.28;500;9707886900;B
20240228;100402;62.26;300;9707887078;S
20240228;100402;62.26;200;9707887079;S
20240228;100403;62.26;200;9707887134;S
20240228;100405;62.26;100;9707887650;B
20240228;100405;62.255;1100;9707887752;S
20240228;100406;62.255;100;9707887956;S
20240228;100406;62.25;1500;9707887957;S
20240228;100407;62.25;1000;9707888248;S
20240228;100407;62.235;2000;9707888443;S
20240228;100407;62.235;500;9707888444;S
20240228;100407;62.235;700;9707888445;S
20240228;100407;62.235;2500;9707888472;B
20240228;100408;62.23;5000;9707888614;B
20240228;100408;62.225;500;9707888638;S
20240228;100408;62.225;100;9707888639;S
20240228;100408;62.225;600;9707888640;S
20240228;100412;62.225;2500;9707889456;S
20240228;100412;62.225;100;9707889457;S
20240228;100412;62.225;300;9707889458;S
20240228;100412;62.225;500;9707889459;S
20240228;100412;62.22;300;9707889487;S
20240228;100412;62.22;900;9707889542;S
20240228;100412;62.215;500;9707889543;S
20240228;100412;62.215;2000;9707889544;S
20240228;100412;62.215;1200;9707889545;S
20240228;100412;62.21;400;9707889546;S
20240228;100413;62.215;2000;9707889743;S
20240228;100413;62.21;1000;9707889744;S
20240228;100413;62.205;100;9707889745;S
20240228;100413;62.205;2000;9707889746;S
20240228;100413;62.205;1000;9707889747;S
20240228;100413;62.205;2000;9707889748;S
20240228;100413;62.205;100;9707889749;S
20240228;100413;62.205;1200;9707889750;S
20240228;100413;62.2;50600;9707889751;S
20240228;100413;62.2;100;9707889763;S
20240228;100414;62.2;6000;9707889873;S
20240228;100414;62.2;30000;9707889891;S
20240228;100414;62.2;3000;9707889904;S
20240228;100414;62.2;4900;9707889905;S
20240228;100414;62.2;1200;9707889912;S
20240228;100414;62.2;1500;9707889913;S
20240228;100414;62.2;400;9707889931;S
20240228;100414;62.2;10000;9707889941;S
20240228;100414;62.2;200;9707889957;S
20240228;100414;62.205;100;9707889964;B
20240228;100414;62.2;200;9707889985;S
20240228;100415;62.2;5200;9707890016;S
20240228;100415;62.2;100;9707890017;S
20240228;100415;62.2;200;9707890018;S
20240228;100415;62.2;10100;9707890074;S
20240228;100415;62.2;1500;9707890075;S
20240228;100415;62.195;100;9707890076;S
20240228;100415;62.195;400;9707890077;S
20240228;100415;62.175;2000;9707890082;S
20240228;100415;62.17;200;9707890114;S
20240228;100415;62.17;100;9707890119;S
20240228;100415;62.17;700;9707890130;S
20240228;100418;62.165;600;9707890551;B
20240228;100418;62.165;100;9707890605;B
20240228;100419;62.165;400;9707890690;B
20240228;100420;62.16;1000;9707890839;S
20240228;100420;62.165;900;9707890861;B
20240228;100420;62.18;1000;9707890977;B
20240228;100420;62.19;200;9707890978;B
20240228;100421;62.165;100;9707891174;S
20240228;100421;62.17;1000;9707891223;B
20240228;100421;62.18;2500;9707891224;B
20240228;100421;62.19;1000;9707891225;B
20240228;100421;62.19;3300;9707891226;B
20240228;100421;62.195;1200;9707891227;B
20240228;100422;62.18;1000;9707891369;S
20240228;100425;62.185;600;9707891857;S
20240228;100428;62.185;300;9707892321;S
20240228;100431;62.2;400;9707892952;B
20240228;100431;62.205;1000;9707892953;B
20240228;100431;62.21;100;9707892954;B
20240228;100431;62.21;1300;9707892955;B
20240228;100437;62.21;700;9707894104;B
20240228;100437;62.21;300;9707894105;B
20240228;100443;62.23;100;9707895021;B
20240228;100443;62.24;300;9707895022;B
20240228;100443;62.235;100;9707895080;B
20240228;100443;62.24;2500;9707895081;B
20240228;100443;62.245;200;9707895082;B
20240228;100443;62.245;400;9707895083;B
20240228;100443;62.25;2000;9707895084;B
20240228;100443;62.25;1000;9707895085;B
20240228;100443;62.255;3000;9707895086;B
20240228;100443;62.26;2500;9707895087;B
20240228;100443;62.26;2000;9707895088;B
20240228;100443;62.26;500;9707895089;B
20240228;100443;62.26;4000;9707895090;B
20240228;100443;62.265;600;9707895091;B
20240228;100444;62.23;100;9707895232;S
20240228;100445;62.23;900;9707895395;S
20240228;100445;62.225;100;9707895396;S
20240228;100448;62.265;100;9707895758;B
20240228;100448;62.265;400;9707895759;B
20240228;100448;62.27;2000;9707895760;B
20240228;100448;62.27;100;9707895761;B
20240228;100448;62.275;1000;9707895762;B
20240228;100448;62.275;2000;9707895763;B
20240228;100448;62.275;2400;9707895764;B
20240228;100449;62.275;900;9707895917;B
20240228;100449;62.28;100;9707895918;B
20240228;100449;62.28;200;9707895919;B
20240228;100451;62.275;2000;9707896216;B
20240228;100451;62.275;400;9707896217;B
20240228;100451;62.28;4000;9707896218;B
20240228;100451;62.28;100;9707896219;B
20240228;100451;62.28;100;9707896220;B
20240228;100451;62.28;3000;9707896221;B
20240228;100451;62.285;2000;9707896222;B
20240228;100451;62.285;100;9707896223;B
20240228;100451;62.285;1200;9707896224;B
20240228;100451;62.29;1200;9707896225;B
20240228;100451;62.295;2000;9707896226;B
20240228;100451;62.295;2200;9707896227;B
20240228;100451;62.295;1200;9707896228;B
20240228;100451;62.3;5500;9707896229;B
20240228;100451;62.285;100;9707896272;B
20240228;100451;62.26;100;9707896289;S
20240228;100454;62.28;100;9707896894;S
20240228;100500;62.27;100;9707898076;B
20240228;100501;62.27;300;9707898184;B
20240228;100501;62.255;100;9707898189;S
20240228;100501;62.25;200;9707898278;S
20240228;100503;62.27;1000;9707898523;B
20240228;100503;62.275;14900;9707898524;B
20240228;100503;62.275;100;9707898525;B
20240228;100503;62.275;200;9707898526;B
20240228;100503;62.275;400;9707898527;B
20240228;100503;62.28;200;9707898528;B
20240228;100503;62.28;700;9707898529;B
20240228;100503;62.285;1900;9707898530;B
20240228;100503;62.285;3000;9707898531;B
20240228;100503;62.295;2000;9707898532;B
20240228;100503;62.3;16300;9707898533;B
20240228;100503;62.3;700;9707898534;B
20240228;100503;62.3;1100;9707898535;B
20240228;100503;62.3;100;9707898536;B
20240228;100503;62.3;100;9707898537;B
20240228;100503;62.3;2000;9707898538;B
20240228;100503;62.3;100;9707898539;B
20240228;100503;62.3;1200;9707898540;B
20240228;100503;62.3;4000;9707898541;S
20240228;100512;62.275;400;9707900185;S
20240228;100512;62.27;100;9707900186;S
20240228;100512;62.27;100;9707900274;S
20240228;100518;62.3;400;9707901357;B
20240228;100518;62.3;2000;9707901358;B
20240228;100518;62.3;1000;9707901359;B
20240228;100518;62.3;100;9707901360;B
20240228;100522;62.305;100;9707902446;B
20240228;100523;62.3;100;9707902553;S
20240228;100523;62.305;500;9707902611;B
20240228;100524;62.3;500;9707902822;S
20240228;100525;62.3;100;9707903028;S
20240228;100526;62.305;300;9707903203;B
20240228;100526;62.305;100;9707903456;B
20240228;100528;62.305;100;9707903706;B
20240228;100529;62.305;1200;9707903858;B
20240228;100529;62.31;100;9707903859;B
20240228;100529;62.31;4800;9707903860;B
20240228;100530;62.305;200;9707904130;B
20240228;100530;62.31;2000;9707904172;B
20240228;100531;62.305;100;9707904354;S
20240228;100531;62.31;100;9707904355;B
20240228;100531;62.305;100;9707904357;S
20240228;100532;62.31;500;9707904435;B
20240228;100532;62.31;1600;9707904439;B
20240228;100532;62.31;200;9707904440;B
20240228;100532;62.31;20800;9707904478;B
20240228;100532;62.31;100;9707904479;B
20240228;100533;62.315;200;9707904569;B
20240228;100533;62.32;100;9707904570;B
20240228;100533;62.32;300;9707904640;B
20240228;100533;62.32;500;9707904641;B
20240228;100533;62.325;1000;9707904642;B
20240228;100533;62.325;400;9707904643;B
20240228;100533;62.33;7800;9707904644;B
20240228;100534;62.325;100;9707904775;S
20240228;100534;62.33;5000;9707904779;B
20240228;100537;62.325;1000;9707905410;S
20240228;100538;62.325;900;9707905543;S
20240228;100538;62.325;1000;9707905544;S
20240228;100538;62.325;400;9707905545;S
20240228;100538;62.315;1700;9707905546;S
20240228;100539;62.33;400;9707905622;B
20240228;100539;62.33;6800;9707905703;B
20240228;100539;62.335;400;9707905704;B
20240228;100539;62.335;200;9707905705;B
20240228;100539;62.335;100;9707905706;B
20240228;100539;62.34;200;9707905707;B
20240228;100539;62.34;2200;9707905708;B
20240228;100539;62.34;1000;9707905709;B
20240228;100539;62.34;400;9707905710;B
20240228;100539;62.34;600;9707905711;B
20240228;100539;62.34;1000;9707905712;B
20240228;100539;62.34;100;9707905713;B
20240228;100539;62.34;1200;9707905714;B
20240228;100539;62.34;4000;9707905715;B
20240228;100539;62.345;5000;9707905716;B
20240228;100539;62.345;1800;9707905717;B
20240228;100540;62.335;200;9707905881;S
20240228;100540;62.345;2000;9707905894;B
20240228;100540;62.345;1000;9707905927;B
20240228;100540;62.34;500;9707905971;B
20240228;100542;62.335;100;9707906378;S
20240228;100542;62.34;500;9707906423;B
20240228;100543;62.335;300;9707906537;S
20240228;100545;62.34;1600;9707907078;B
20240228;100545;62.34;7700;9707907079;B
20240228;100545;62.34;9700;9707907080;B
20240228;100545;62.34;1000;9707907081;B
20240228;100546;62.34;9000;9707907272;B
20240228;100546;62.34;5600;9707907273;B
20240228;100547;62.34;100;9707907326;B
20240228;100548;62.335;900;9707907523;S
20240228;100548;62.335;500;9707907551;S
20240228;100548;62.34;4300;9707907951;B
20240228;100548;62.345;5700;9707907952;B
20240228;100548;62.345;100;9707907953;B
20240228;100549;62.34;500;9707908093;S
20240228;100549;62.345;100;9707908094;B
20240228;100549;62.345;100;9707908162;B
20240228;100549;62.345;100;9707908163;B
20240228;100549;62.345;400;9707908164;B
20240228;100549;62.345;100;9707908210;B
20240228;100549;62.345;1000;9707908211;B
20240228;100549;62.345;100;9707908231;B
20240228;100550;62.345;100;9707908309;B
20240228;100550;62.345;300;9707908363;B
20240228;100550;62.34;200;9707908369;S
20240228;100550;62.345;200;9707908500;B
20240228;100551;62.345;100;9707908770;B
20240228;100552;62.345;100;9707908795;B
20240228;100552;62.345;6700;9707908856;B
20240228;100552;62.35;100;9707908857;B
20240228;100552;62.35;100;9707908858;B
20240228;100552;62.35;2000;9707908859;B
20240228;100552;62.35;200;9707908860;B
20240228;100552;62.35;100;9707908861;B
20240228;100552;62.35;100;9707908862;B
20240228;100552;62.35;100;9707908863;B
20240228;100552;62.35;600;9707908864;B
20240228;100552;62.35;100;9707908865;B
20240228;100552;62.35;100;9707908866;B
20240228;100552;62.335;800;9707908918;S
20240228;100552;62.35;100;9707908924;B
20240228;100553;62.335;100;9707908960;S
20240228;100553;62.35;100;9707909033;B
20240228;100554;62.35;200;9707909222;B
20240228;100554;62.345;100;9707909226;S
20240228;100554;62.35;100;9707909257;B
20240228;100555;62.35;400;9707909501;B
20240228;100555;62.35;400;9707909502;B
20240228;100556;62.345;100;9707909632;S
20240228;100557;62.35;300;9707909732;B
20240228;100557;62.35;100;9707909764;B
20240228;100557;62.35;500;9707909842;B
20240228;100557;62.345;1000;9707909905;S
20240228;100557;62.345;1000;9707909906;S
20240228;100558;62.35;100;9707910042;B
20240228;100559;62.35;8000;9707910122;B
20240228;100559;62.35;300;9707910192;B
20240228;100600;62.35;2000;9707910424;B
20240228;100602;62.35;18300;9707910672;B
20240228;100602;62.35;11700;9707910673;B
20240228;100602;62.35;18300;9707910723;B
20240228;100602;62.35;100;9707910724;B
20240228;100602;62.35;100;9707910725;B
20240228;100602;62.355;3300;9707910726;B
20240228;100602;62.355;100;9707910727;B
20240228;100602;62.365;100;9707910728;B
20240228;100602;62.365;200;9707910729;B
20240228;100602;62.365;200;9707910762;B
20240228;100602;62.365;1200;9707910763;B
20240228;100603;62.36;100;9707910781;B
20240228;100603;62.355;400;9707910802;S
20240228;100603;62.365;200;9707910915;B
20240228;100603;62.355;200;9707910946;S
20240228;100604;62.355;100;9707911033;S
20240228;100606;62.365;100;9707911527;B
20240228;100606;62.365;100;9707911542;B
20240228;100607;62.365;600;9707911638;B
20240228;100607;62.365;2000;9707911639;B
20240228;100607;62.37;100;9707911640;B
20240228;100607;62.37;100;9707911797;B
20240228;100608;62.37;100;9707912068;B
20240228;100608;62.37;100;9707912069;B
20240228;100609;62.365;500;9707912170;S
20240228;100610;62.37;900;9707912576;B
20240228;100610;62.37;800;9707912598;B
20240228;100610;62.37;18200;9707912605;B
20240228;100610;62.375;100;9707912606;B
20240228;100610;62.375;300;9707912607;B
20240228;100610;62.375;100;9707912608;B
20240228;100610;62.38;300;9707912609;B
20240228;100610;62.375;200;9707912611;S
20240228;100610;62.38;100;9707912652;B
20240228;100610;62.38;100;9707912653;B
20240228;100610;62.38;100;9707912670;B
20240228;100610;62.38;1000;9707912676;B
20240228;100610;62.38;800;9707912677;B
20240228;100610;62.38;200;9707912678;B
20240228;100611;62.38;500;9707912785;B
20240228;100611;62.375;100;9707913001;S
20240228;100612;62.38;100;9707913067;B
20240228;100612;62.38;8000;9707913353;B
20240228;100613;62.38;100;9707913440;B
20240228;100613;62.38;400;9707913574;B
20240228;100613;62.375;100;9707913576;S
20240228;100614;62.375;100;9707913668;S
20240228;100618;62.38;100;9707914356;B
20240228;100619;62.38;100;9707914459;B
20240228;100619;62.375;100;9707914492;S
20240228;100619;62.38;1400;9707914534;B
20240228;100619;62.38;4300;9707914544;B
20240228;100619;62.38;100;9707914545;B
20240228;100619;62.38;200;9707914546;B
20240228;100619;62.385;200;9707914547;B
20240228;100619;62.38;100;9707914554;S
20240228;100619;62.38;100;9707914567;S
20240228;100620;62.385;300;9707914701;B
20240228;100621;62.385;500;9707914847;B
20240228;100621;62.385;400;9707914848;B
20240228;100621;62.385;1000;9707914849;B
20240228;100621;62.385;200;9707914850;B
20240228;100621;62.39;200;9707914851;B
20240228;100621;62.39;100;9707914863;B
20240228;100621;62.39;200;9707914864;B
20240228;100621;62.39;500;9707914865;B
20240228;100621;62.39;5000;9707914956;B
20240228;100622;62.38;800;9707915171;S
20240228;100623;62.38;100;9707915233;S
20240228;100623;62.39;100;9707915243;B
20240228;100623;62.38;200;9707915252;S
20240228;100623;62.38;300;9707915282;S
20240228;100626;62.385;3300;9707915708;B
20240228;100626;62.385;3700;9707915709;B
20240228;100626;62.385;100;9707915738;B
20240228;100628;62.385;100;9707916021;B
20240228;100628;62.385;500;9707916022;B
20240228;100628;62.39;800;9707916068;B
20240228;100628;62.39;3600;9707916069;B
20240228;100628;62.39;300;9707916070;B
20240228;100628;62.385;2700;9707916120;S
20240228;100628;62.385;1000;9707916121;S
20240228;100628;62.38;100;9707916223;S
20240228;100628;62.38;500;9707916224;S
20240228;100628;62.38;4600;9707916225;S
20240228;100628;62.38;2900;9707916232;S
20240228;100628;62.38;2000;9707916233;S
20240228;100628;62.375;100;9707916236;S
20240228;100628;62.375;400;9707916237;S
20240228;100628;62.37;200;9707916239;S
20240228;100628;62.37;300;9707916240;S
20240228;100628;62.37;1400;9707916270;S
20240228;100629;62.37;2000;9707916341;S
20240228;100629;62.37;2000;9707916344;S
20240228;100629;62.37;2000;9707916348;S
20240228;100629;62.37;400;9707916349;S
20240228;100629;62.37;4000;9707916353;S
20240228;100629;62.37;7800;9707916354;S
20240228;100629;62.37;7500;9707916355;S
20240228;100629;62.37;100;9707916356;S
20240228;100629;62.365;2000;9707916358;S
20240228;100629;62.36;200;9707916359;S
20240228;100629;62.36;900;9707916360;S
20240228;100629;62.355;100;9707916361;S
20240228;100629;62.355;500;9707916362;S
20240228;100629;62.35;800;9707916363;S
20240228;100629;62.35;700;9707916364;S
20240228;100629;62.35;100;9707916365;S
20240228;100629;62.35;100;9707916366;S
20240228;100629;62.355;200;9707916392;B
20240228;100629;62.355;300;9707916396;B
20240228;100629;62.355;100;9707916397;B
20240228;100630;62.35;100;9707916515;S
20240228;100630;62.35;100;9707916516;S
20240228;100630;62.35;100;9707916541;S
20240228;100632;62.355;3600;9707916879;B
20240228;100632;62.355;500;9707916880;B
20240228;100632;62.36;2000;9707916881;B
20240228;100632;62.36;1200;9707916882;B
20240228;100632;62.36;3300;9707916883;B
20240228;100632;62.36;500;9707916884;B
20240228;100632;62.365;2000;9707916885;B
20240228;100632;62.365;1200;9707916886;B
20240228;100632;62.365;1000;9707916887;B
20240228;100632;62.365;9500;9707916888;B
20240228;100632;62.37;2000;9707916889;B
20240228;100632;62.37;1200;9707916890;B
20240228;100632;62.375;1000;9707916891;B
20240228;100632;62.375;900;9707916892;B
20240228;100632;62.375;100;9707916893;B
20240228;100633;62.36;100;9707917107;B
20240228;100635;62.36;1900;9707917303;B
20240228;100635;62.365;3100;9707917304;B
20240228;100636;62.355;3300;9707917580;B
20240228;100636;62.355;500;9707917581;B
20240228;100636;62.36;2000;9707917582;B
20240228;100636;62.36;3200;9707917583;B
20240228;100637;62.355;2000;9707917839;B
20240228;100637;62.35;2000;9707917928;S
20240228;100638;62.35;100;9707917989;S
20240228;100639;62.355;2000;9707918132;B
20240228;100639;62.355;1900;9707918145;B
20240228;100639;62.35;600;9707918234;S
20240228;100639;62.35;300;9707918235;S
20240228;100639;62.35;500;9707918236;S
20240228;100639;62.35;200;9707918237;S
20240228;100639;62.345;200;9707918238;S
20240228;100639;62.345;100;9707918239;S
20240228;100639;62.345;2300;9707918240;S
20240228;100639;62.345;800;9707918241;S
20240228;100642;62.34;100;9707918734;S
20240228;100643;62.345;200;9707918929;B
20240228;100643;62.34;100;9707918959;S
20240228;100644;62.34;100;9707919058;S
20240228;100644;62.34;7700;9707919124;S
20240228;100644;62.34;100;9707919125;S
20240228;100644;62.335;1800;9707919132;S
20240228;100644;62.335;9900;9707919133;S
20240228;100644;62.32;200;9707919137;S
20240228;100644;62.32;100;9707919139;S
20240228;100644;62.32;200;9707919140;S
20240228;100644;62.31;700;9707919146;S
20240228;100644;62.31;200;9707919147;S
20240228;100644;62.31;1100;9707919178;S
20240228;100644;62.305;200;9707919179;S
20240228;100644;62.305;100;9707919180;S
20240228;100644;62.3;100;9707919181;S
20240228;100644;62.31;500;9707919184;B
20240228;100644;62.315;1500;9707919185;B
20240228;100644;62.32;2000;9707919186;B
20240228;100644;62.325;1000;9707919187;B
20240228;100646;62.3;1400;9707919576;S
20240228;100646;62.3;100;9707919752;S
20240228;100647;62.3;900;9707919978;S
20240228;100648;62.305;100;9707920109;B
20240228;100648;62.305;200;9707920262;B
20240228;100649;62.3;200;9707920298;S
20240228;100649;62.3;2000;9707920314;S
20240228;100649;62.305;100;9707920522;B
20240228;100649;62.305;3200;9707920523;B
20240228;100649;62.31;6300;9707920524;B
20240228;100649;62.31;400;9707920525;B
20240228;100650;62.315;3300;9707920723;B
20240228;100650;62.315;1000;9707920724;B
20240228;100650;62.32;700;9707920725;B
20240228;100651;62.315;3300;9707920742;B
20240228;100651;62.315;1000;9707920743;B
20240228;100651;62.32;1300;9707920744;B
20240228;100651;62.32;1000;9707920745;B
20240228;100651;62.325;800;9707920746;B
20240228;100651;62.325;300;9707920747;B
20240228;100652;62.32;1000;9707921129;B
20240228;100652;62.325;500;9707921130;B
20240228;100652;62.325;1000;9707921131;B
20240228;100652;62.33;2000;9707921132;B
20240228;100652;62.33;500;9707921133;B
20240228;100653;62.305;900;9707921156;S
20240228;100659;62.305;100;9707922226;S
20240228;100702;62.325;900;9707922633;B
20240228;100702;62.325;100;9707922634;B
20240228;100703;62.325;900;9707922904;B
20240228;100703;62.33;500;9707922905;B
20240228;100703;62.33;500;9707922906;B
20240228;100703;62.335;100;9707922907;B
20240228;100703;62.335;1000;9707922908;B
20240228;100703;62.335;3300;9707922909;B
20240228;100703;62.34;2000;9707922910;B
20240228;100703;62.34;1000;9707922911;B
20240228;100703;62.34;200;9707922912;B
20240228;100703;62.345;500;9707922913;B
20240228;100706;62.315;800;9707923304;S
20240228;100706;62.315;500;9707923305;S
20240228;100706;62.31;3300;9707923306;S
20240228;100706;62.305;3700;9707923307;S
20240228;100706;62.305;100;9707923308;S
20240228;100706;62.305;2000;9707923309;S
20240228;100706;62.3;11100;9707923310;S
20240228;100706;62.3;100;9707923311;S
20240228;100706;62.3;100;9707923312;S
20240228;100706;62.3;300;9707923313;S
20240228;100706;62.29;600;9707923314;S
20240228;100706;62.29;200;9707923315;S
20240228;100706;62.285;100;9707923316;S
20240228;100707;62.295;200;9707923477;B
20240228;100707;62.295;1000;9707923626;B
20240228;100707;62.295;400;9707923627;B
20240228;100707;62.3;8600;9707923628;B
20240228;100707;62.285;100;9707923629;S
20240228;100708;62.295;200;9707923731;B
20240228;100708;62.295;1000;9707923732;B
20240228;100708;62.3;300;9707923733;B
20240228;100709;62.285;100;9707923910;S
20240228;100710;62.285;200;9707924152;S
20240228;100710;62.285;1500;9707924214;S
20240228;100710;62.28;100;9707924215;S
20240228;100710;62.28;200;9707924216;S
20240228;100711;62.29;1000;9707924251;B
20240228;100711;62.29;500;9707924252;B
20240228;100711;62.29;200;9707924253;B
20240228;100711;62.29;1200;9707924254;B
20240228;100711;62.295;1000;9707924255;B
20240228;100711;62.295;200;9707924256;B
20240228;100711;62.295;400;9707924257;B
20240228;100711;62.275;100;9707924262;S
20240228;100711;62.27;100;9707924263;S
20240228;100711;62.27;100;9707924264;S
20240228;100711;62.255;100;9707924265;S
20240228;100711;62.25;100;9707924266;S
20240228;100711;62.245;900;9707924267;S
20240228;100711;62.24;100;9707924268;S
20240228;100715;62.235;200;9707925161;S
20240228;100715;62.24;100;9707925177;S
20240228;100715;62.23;500;9707925178;S
20240228;100715;62.23;500;9707925179;S
20240228;100715;62.225;100;9707925180;S
20240228;100717;62.24;900;9707925304;B
20240228;100717;62.24;3300;9707925305;B
20240228;100717;62.245;300;9707925306;B
20240228;100717;62.245;5000;9707925307;B
20240228;100717;62.25;500;9707925308;B
20240228;100717;62.26;100;9707925312;B
20240228;100718;62.265;100;9707925449;B
20240228;100718;62.265;800;9707925450;B
20240228;100718;62.275;100;9707925451;B
20240228;100718;62.275;1400;9707925476;B
20240228;100718;62.275;500;9707925477;B
20240228;100718;62.28;100;9707925478;B
20240228;100718;62.285;400;9707925479;B
20240228;100718;62.285;2700;9707925480;B
20240228;100718;62.29;1200;9707925481;B
20240228;100718;62.29;2000;9707925482;B
20240228;100718;62.295;1700;9707925483;B
20240228;100727;62.26;100;9707927168;S
20240228;100727;62.26;100;9707927169;S
20240228;100727;62.255;100;9707927277;S
20240228;100732;62.295;1000;9707927983;B
20240228;100733;62.295;400;9707928148;B
20240228;100733;62.295;100;9707928149;B
20240228;100733;62.295;400;9707928150;B
20240228;100733;62.295;2000;9707928151;S
20240228;100734;62.295;1700;9707928265;S
20240228;100735;62.295;100;9707928494;S
20240228;100736;62.295;3400;9707928538;S
20240228;100738;62.295;100;9707928956;S
20240228;100738;62.3;600;9707929074;B
20240228;100740;62.3;100;9707929286;B
20240228;100740;62.3;400;9707929338;B
20240228;100740;62.295;100;9707929345;S
20240228;100740;62.295;100;9707929346;S
20240228;100741;62.295;100;9707929377;S
20240228;100742;62.295;100;9707929601;S
20240228;100743;62.295;700;9707929650;S
20240228;100743;62.29;500;9707929651;S
20240228;100743;62.28;900;9707929652;S
20240228;100743;62.27;3300;9707929653;S
20240228;100743;62.265;3000;9707929654;S
20240228;100743;62.26;800;9707929655;S
20240228;100743;62.25;5800;9707929656;S
20240228;100743;62.25;500;9707929657;S
20240228;100743;62.25;2000;9707929658;S
20240228;100743;62.24;2000;9707929659;S
20240228;100743;62.24;1200;9707929660;S
20240228;100743;62.235;1200;9707929661;S
20240228;100743;62.235;1900;9707929662;S
20240228;100743;62.23;2000;9707929663;S
20240228;100743;62.23;1200;9707929664;S
20240228;100743;62.225;8400;9707929665;S
20240228;100743;62.22;2000;9707929666;S
20240228;100743;62.21;2000;9707929667;S
20240228;100743;62.21;600;9707929668;S
20240228;100743;62.245;1000;9707929675;S
20240228;100743;62.245;4000;9707929676;B
20240228;100743;62.275;500;9707929863;B
20240228;100743;62.275;700;9707929864;B
20240228;100745;62.24;2000;9707930173;S
20240228;100747;62.25;700;9707930503;S
20240228;100747;62.25;200;9707930579;S
20240228;100748;62.25;100;9707930659;S
20240228;100748;62.25;700;9707930756;S
20240228;100748;62.245;500;9707930757;S
20240228;100748;62.245;1000;9707930758;S
20240228;100748;62.24;1000;9707930759;S
20240228;100751;62.275;200;9707931644;B
20240228;100751;62.275;500;9707931645;B
20240228;100751;62.28;1200;9707931646;B
20240228;100751;62.285;1200;9707931647;B
20240228;100751;62.285;200;9707931648;B
20240228;100751;62.29;1200;9707931649;B
20240228;100751;62.29;5400;9707931650;B
20240228;100752;62.285;100;9707932010;B
20240228;100802;62.26;100;9707934227;S
20240228;100806;62.275;100;9707934990;B
20240228;100808;62.275;200;9707935148;B
20240228;100814;62.27;900;9707936235;B
20240228;100816;62.275;700;9707936769;B
20240228;100816;62.28;100;9707936772;B
20240228;100823;62.285;700;9707938168;B
20240228;100823;62.285;500;9707938169;B
20240228;100823;62.29;500;9707938170;B
20240228;100823;62.29;300;9707938171;B
20240228;100827;62.28;500;9707938794;S
20240228;100827;62.28;1000;9707938795;S
20240228;100829;62.275;200;9707939130;S
20240228;100830;62.28;500;9707939379;S
20240228;100830;62.28;1000;9707939380;S
20240228;100831;62.275;500;9707939546;S
20240228;100833;62.275;100;9707939806;S
20240228;100835;62.28;500;9707940147;S
20240228;100835;62.28;500;9707940148;S
20240228;100836;62.29;100;9707940202;B
20240228;100837;62.28;500;9707940364;S
20240228;100837;62.275;500;9707940365;S
20240228;100837;62.29;600;9707940390;B
20240228;100839;62.29;2200;9707940724;B
20240228;100839;62.29;500;9707940725;B
20240228;100839;62.29;200;9707940726;B
20240228;100840;62.295;500;9707941142;B
20240228;100840;62.295;500;9707941143;B
20240228;100840;62.295;500;9707941144;B
20240228;100840;62.295;10000;9707941145;B
20240228;100840;62.295;500;9707941146;B
20240228;100840;62.3;114000;9707941147;B
20240228;100840;62.3;400;9707941148;B
20240228;100840;62.3;5300;9707941149;B
20240228;100840;62.3;33300;9707941150;B
20240228;100840;62.3;5000;9707941151;B
20240228;100840;62.3;100;9707941152;B
20240228;100840;62.3;600;9707941153;B
20240228;100840;62.3;200;9707941154;S
20240228;100840;62.3;800;9707941155;S
20240228;100840;62.315;500;9707941156;B
20240228;100840;62.315;400;9707941157;B
20240228;100840;62.315;100;9707941159;B
20240228;100841;62.315;100;9707941177;B
20240228;100841;62.315;100;9707941178;B
20240228;100841;62.32;100;9707941211;S
20240228;100841;62.32;1000;9707941212;S
20240228;100841;62.315;900;9707941213;S
20240228;100841;62.315;2400;9707941223;S
20240228;100841;62.315;1000;9707941224;S
20240228;100841;62.31;2000;9707941225;S
20240228;100841;62.31;600;9707941226;S
20240228;100842;62.32;1000;9707941387;S
20240228;100842;62.315;3300;9707941388;S
20240228;100842;62.315;1000;9707941389;S
20240228;100842;62.31;400;9707941390;S
20240228;100842;62.31;1000;9707941391;S
20240228;100842;62.31;300;9707941392;S
20240228;100842;62.315;3300;9707941414;S
20240228;100842;62.315;1000;9707941415;S
20240228;100842;62.31;900;9707941416;S
20240228;100842;62.31;2000;9707941417;S
20240228;100842;62.31;300;9707941418;S
20240228;100843;62.31;900;9707941559;S
20240228;100844;62.31;100;9707941741;S
20240228;100844;62.31;900;9707941742;S
20240228;100845;62.315;100;9707941916;S
20240228;100847;62.315;100;9707942188;S
20240228;100849;62.33;100;9707942470;B
20240228;100849;62.33;4700;9707942471;B
20240228;100850;62.32;100;9707942568;S
20240228;100850;62.32;900;9707942569;S
20240228;100850;62.32;100;9707942632;S
20240228;100855;62.32;100;9707943492;S
20240228;100856;62.32;1100;9707943610;S
20240228;100856;62.32;1000;9707943611;S
20240228;100856;62.32;500;9707943612;S
20240228;100856;62.315;1000;9707943613;S
20240228;100856;62.315;1200;9707943614;S
20240228;100856;62.31;2000;9707943615;S
20240228;100856;62.31;700;9707943616;S
20240228;100857;62.325;300;9707943680;B
20240228;100857;62.315;700;9707943715;S
20240228;100858;62.315;500;9707943864;S
20240228;100858;62.315;500;9707943865;S
20240228;100858;62.325;200;9707943874;B
20240228;100858;62.33;3700;9707943875;B
20240228;100901;62.33;600;9707944372;B
20240228;100901;62.33;1000;9707944386;B
20240228;100901;62.34;100;9707944424;B
20240228;100902;62.34;1000;9707944608;S
20240228;100903;62.335;3300;9707944785;S
20240228;100903;62.335;1000;9707944786;S
20240228;100903;62.33;3000;9707944787;S
20240228;100903;62.33;200;9707944788;S
20240228;100904;62.335;300;9707944962;S
20240228;100906;62.335;100;9707945219;S
20240228;100907;62.335;600;9707945545;S
20240228;100907;62.33;1000;9707945546;S
20240228;100907;62.33;3300;9707945547;S
20240228;100907;62.325;1000;9707945548;S
20240228;100907;62.325;1600;9707945549;S
20240228;100907;62.345;1000;9707945600;B
20240228;100910;62.33;100;9707945919;S
20240228;100914;62.335;200;9707946734;B
20240228;100919;62.335;7300;9707947444;B
20240228;100919;62.34;500;9707947445;B
20240228;100919;62.345;1000;9707947446;B
20240228;100919;62.35;3200;9707947447;B
20240228;100925;62.345;100;9707948181;B
20240228;100925;62.345;3300;9707948182;B
20240228;100927;62.33;100;9707948571;S
20240228;100929;62.35;1000;9707948769;B
20240228;100930;62.335;100;9707948932;B
20240228;100936;62.35;800;9707949779;B
20240228;100936;62.35;900;9707949780;B
20240228;100936;62.35;300;9707949781;B
20240228;100939;62.345;100;9707950194;B
20240228;100942;62.345;100;9707950564;B
20240228;100942;62.35;800;9707950565;B
20240228;100942;62.35;100;9707950566;B
20240228;100942;62.35;100;9707950577;B
20240228;100942;62.35;300;9707950595;B
20240228;100942;62.35;100;9707950596;B
20240228;100942;62.35;1600;9707950597;B
20240228;100945;62.35;1000;9707950954;B
20240228;100945;62.345;100;9707950970;S
20240228;100945;62.345;100;9707951032;S
20240228;100949;62.35;4900;9707951551;B
20240228;100949;62.35;3100;9707951552;B
20240228;100951;62.35;1400;9707951925;B
20240228;100959;62.35;5000;9707953368;B
20240228;101000;62.35;200;9707953437;B
20240228;101001;62.35;100;9707953674;B
20240228;101002;62.35;200;9707953705;B
20240228;101003;62.355;200;9707953971;B
20240228;101003;62.355;500;9707953972;B
20240228;101003;62.355;100;9707953973;B
20240228;101006;62.35;100;9707954585;S
20240228;101008;62.36;100;9707954785;B
20240228;101008;62.36;800;9707954786;B
20240228;101010;62.36;100;9707955058;B
20240228;101018;62.355;600;9707956222;B
20240228;101018;62.35;600;9707956248;S
20240228;101018;62.35;500;9707956249;S
20240228;101018;62.345;700;9707956250;S
20240228;101018;62.345;100;9707956251;S
20240228;101019;62.35;2000;9707956334;B
20240228;101025;62.36;1700;9707957406;B
20240228;101025;62.36;100;9707957452;B
20240228;101028;62.36;1000;9707957722;B
20240228;101036;62.355;1000;9707959153;S
20240228;101036;62.355;100;9707959154;S
20240228;101036;62.355;400;9707959174;B
20240228;101037;62.355;400;9707959210;B
20240228;101042;62.35;100;9707960117;S
20240228;101048;62.34;400;9707960945;S
20240228;101048;62.34;600;9707960946;S
20240228;101050;62.345;100;9707961298;B
20240228;101050;62.35;100;9707961299;B
20240228;101052;62.34;700;9707961798;S
20240228;101052;62.34;200;9707961946;S
20240228;101053;62.35;200;9707962164;B
20240228;101053;62.35;200;9707962165;B
20240228;101054;62.34;100;9707962270;S
20240228;101055;62.34;3400;9707962459;S
20240228;101055;62.335;100;9707962460;S
20240228;101055;62.33;1800;9707962461;S
20240228;101055;62.33;400;9707962556;S
20240228;101059;62.34;2100;9707962926;B
20240228;101101;62.33;100;9707963494;S
20240228;101102;62.33;100;9707963516;S
20240228;101105;62.33;100;9707964603;S
20240228;101105;62.33;100;9707964645;S
20240228;101105;62.33;100;9707964646;S
20240228;101105;62.33;800;9707964647;S
20240228;101105;62.33;700;9707964658;S
20240228;101105;62.33;500;9707964677;S
20240228;101105;62.33;500;9707964696;B
20240228;101105;62.335;100;9707964697;B
20240228;101107;62.33;100;9707965297;B
20240228;101108;62.335;3200;9707965468;B
20240228;101108;62.335;400;9707965469;B
20240228;101114;62.32;200;9707966626;S
20240228;101119;62.335;1700;9707967615;B
20240228;101126;62.325;1000;9707969626;S
20240228;101126;62.32;1000;9707969627;S
20240228;101129;62.32;100;9707970317;S
20240228;101129;62.32;100;9707970348;S
20240228;101131;62.335;3300;9707970802;B
20240228;101131;62.335;500;9707970803;B
20240228;101131;62.34;5400;9707970804;B
20240228;101131;62.34;600;9707970805;B
20240228;101131;62.35;2700;9707970806;B
20240228;101134;62.345;100;9707971525;B
20240228;101138;62.35;7100;9707972194;B
20240228;101138;62.35;2800;9707972195;B
20240228;101138;62.355;4100;9707972196;B
20240228;101138;62.355;1100;9707972197;B
20240228;101138;62.355;500;9707972198;B
20240228;101138;62.36;1300;9707972199;B
20240228;101138;62.365;2200;9707972200;B
20240228;101138;62.365;100;9707972201;B
20240228;101138;62.365;800;9707972202;B
20240228;101139;62.36;700;9707972416;B
20240228;101140;62.36;500;9707972713;S
20240228;101140;62.36;1000;9707972714;S
20240228;101140;62.35;1000;9707972715;S
20240228;101140;62.345;600;9707972716;S
20240228;101140;62.345;1000;9707972717;S
20240228;101140;62.34;1000;9707972718;S
20240228;101140;62.34;1300;9707972719;S
20240228;101140;62.335;3300;9707972720;S
20240228;101140;62.33;2000;9707972721;S
20240228;101140;62.33;1000;9707972722;S
20240228;101140;62.33;3000;9707972723;S
20240228;101143;62.33;200;9707973252;B
20240228;101143;62.325;1200;9707973269;S
20240228;101143;62.32;600;9707973270;S
20240228;101143;62.32;300;9707973271;S
20240228;101143;62.32;800;9707973272;S
20240228;101149;62.325;100;9707974467;S
20240228;101150;62.325;1000;9707974618;S
20240228;101154;62.325;4000;9707975286;S
20240228;101155;62.325;200;9707975545;B
20240228;101155;62.32;200;9707975611;S
20240228;101159;62.325;800;9707976157;B
20240228;101159;62.33;200;9707976158;B
20240228;101159;62.335;500;9707976159;B
20240228;101200;62.35;100;9707976346;B
20240228;101203;62.35;100;9707976986;B
20240228;101203;62.355;200;9707976987;B
20240228;101210;62.355;3300;9707978588;B
20240228;101210;62.36;400;9707978589;B
20240228;101210;62.36;600;9707978590;B
20240228;101210;62.36;500;9707978591;B
20240228;101210;62.36;100;9707978592;B
20240228;101210;62.36;1200;9707978593;B
20240228;101210;62.365;100;9707978594;B
20240228;101210;62.365;100;9707978595;B
20240228;101210;62.365;100;9707978596;B
20240228;101210;62.365;100;9707978597;B
20240228;101210;62.365;1200;9707978598;B
20240228;101210;62.37;500;9707978599;B
20240228;101210;62.37;1800;9707978600;B
20240228;101216;62.365;500;9707979790;B
20240228;101216;62.365;3300;9707979791;B
20240228;101216;62.365;1000;9707979792;B
20240228;101218;62.365;700;9707980147;S
20240228;101218;62.35;800;9707980148;S
20240228;101218;62.345;600;9707980149;S
20240228;101218;62.34;7900;9707980150;S
20240228;101219;62.365;500;9707980199;B
20240228;101219;62.365;600;9707980200;B
20240228;101219;62.365;200;9707980214;B
20240228;101233;62.36;100;9707983233;B
20240228;101234;62.36;5900;9707983270;B
20240228;101234;62.365;500;9707983271;B
20240228;101234;62.37;600;9707983272;B
20240228;101236;62.37;300;9707983877;B
20240228;101236;62.37;500;9707983878;B
20240228;101236;62.37;700;9707983879;B
20240228;101239;62.37;500;9707984258;B
20240228;101240;62.37;800;9707984559;B
20240228;101240;62.37;1200;9707984560;B
20240228;101242;62.36;1000;9707984972;B
20240228;101242;62.36;1000;9707985066;B
20240228;101245;62.355;100;9707985678;S
20240228;101246;62.36;300;9707985714;B
20240228;101246;62.36;100;9707985840;B
20240228;101248;62.36;100;9707986325;B
20240228;101249;62.36;1000;9707986413;B
20240228;101257;62.36;100;9707987971;B
20240228;101259;62.36;600;9707988427;B
20240228;101259;62.355;100;9707988506;S
20240228;101300;62.36;4900;9707989189;B
20240228;101300;62.36;1300;9707989195;B
20240228;101310;62.36;300;9707991439;B
20240228;101313;62.36;300;9707991828;B
20240228;101316;62.355;1600;9707992255;S
20240228;101316;62.355;100;9707992310;S
20240228;101317;62.36;1000;9707992386;B
20240228;101319;62.36;700;9707992646;B
20240228;101321;62.355;100;9707993083;S
20240228;101321;62.355;100;9707993084;S
20240228;101325;62.355;300;9707994717;S
20240228;101328;62.36;4600;9707995401;B
20240228;101328;62.36;100;9707995402;B
20240228;101328;62.36;300;9707995403;B
20240228;101329;62.36;700;9707995627;B
20240228;101329;62.36;1300;9707995628;B
20240228;101329;62.36;1400;9707995681;B
20240228;101331;62.36;300;9707996124;B
20240228;101331;62.365;500;9707996125;B
20240228;101331;62.365;100;9707996126;B
20240228;101331;62.365;100;9707996127;B
20240228;101331;62.37;1500;9707996128;B
20240228;101332;62.355;600;9707996244;S
20240228;101332;62.355;100;9707996245;S
20240228;101332;62.355;300;9707996246;S
20240228;101332;62.355;500;9707996247;S
20240228;101335;62.355;200;9707996774;B
20240228;101335;62.35;100;9707996918;S
20240228;101339;62.355;1800;9707997492;B
20240228;101340;62.355;300;9707997738;B
20240228;101341;62.355;100;9707998027;B
20240228;101342;62.355;700;9707998100;B
20240228;101351;62.35;200;9707999770;S
20240228;101351;62.35;300;9707999771;S
20240228;101352;62.35;100;9708000070;S
20240228;101353;62.35;100;9708000117;S
20240228;101353;62.355;2000;9708000152;B
20240228;101355;62.35;500;9708000460;S
20240228;101355;62.35;1800;9708000461;S
20240228;101355;62.355;3400;9708000559;B
20240228;101355;62.355;100;9708000560;B
20240228;101355;62.355;500;9708000561;B
20240228;101355;62.36;500;9708000562;B
20240228;101355;62.36;800;9708000563;B
20240228;101355;62.365;2200;9708000564;B
20240228;101355;62.365;1800;9708000565;B
20240228;101355;62.37;700;9708000566;B
20240228;101359;62.37;500;9708001012;B
20240228;101401;62.37;100;9708001439;B
20240228;101402;62.365;700;9708001473;S
20240228;101403;62.365;100;9708001748;S
20240228;101405;62.37;100;9708002002;B
20240228;101409;62.37;3000;9708002709;B
20240228;101410;62.37;400;9708002887;B
20240228;101410;62.37;100;9708002888;B
20240228;101410;62.37;100;9708002889;B
20240228;101410;62.37;6200;9708002890;B
20240228;101412;62.355;400;9708003159;S
20240228;101418;62.365;200;9708004271;S
20240228;101418;62.365;1300;9708004272;S
20240228;101419;62.37;900;9708004366;B
20240228;101421;62.355;500;9708004764;S
20240228;101425;62.355;400;9708005453;S
20240228;101427;62.37;100;9708005908;B
20240228;101429;62.365;800;9708006177;S
20240228;101437;62.37;1000;9708007599;B
20240228;101437;62.365;100;9708007623;S
20240228;101439;62.37;200;9708007764;B
20240228;101444;62.37;100;9708008700;B
20240228;101445;62.37;100;9708008797;B
20240228;101448;62.365;700;9708009159;S
20240228;101450;62.365;100;9708009603;S
20240228;101452;62.365;100;9708009838;S
20240228;101454;62.37;1400;9708010175;B
20240228;101454;62.37;600;9708010176;B
20240228;101454;62.37;6000;9708010177;B
20240228;101458;62.37;1000;9708010826;B
20240228;101459;62.37;700;9708010973;B
20240228;101459;62.37;1000;9708011153;B
20240228;101500;62.37;200;9708011351;B
20240228;101500;62.365;100;9708011450;S
20240228;101501;62.365;100;9708011654;S
20240228;101501;62.365;2700;9708011655;S
20240228;101502;62.365;1000;9708011789;S
20240228;101505;62.37;500;9708012797;B
20240228;101505;62.37;400;9708012798;B
20240228;101505;62.37;1000;9708012810;B
20240228;101505;62.37;6100;9708012890;B
20240228;101505;62.37;100;9708012891;B
20240228;101505;62.37;1000;9708012892;B
20240228;101505;62.375;800;9708012893;B
20240228;101506;62.375;100;9708013282;B
20240228;101509;62.375;600;9708014155;B
20240228;101509;62.375;100;9708014156;B
20240228;101509;62.375;300;9708014157;B
20240228;101510;62.37;400;9708014437;S
20240228;101511;62.37;100;9708014583;S
20240228;101513;62.37;100;9708015222;S
20240228;101513;62.37;200;9708015232;S
20240228;101513;62.37;100;9708015257;S
20240228;101513;62.37;1000;9708015388;S
20240228;101514;62.37;100;9708015446;S
20240228;101514;62.37;600;9708015498;S
20240228;101514;62.37;100;9708015543;S
20240228;101515;62.37;100;9708015594;S
20240228;101515;62.375;700;9708015636;B
20240228;101515;62.375;500;9708015637;B
20240228;101515;62.38;100;9708015638;B
20240228;101515;62.38;300;9708015639;B
20240228;101515;62.38;2200;9708015640;B
20240228;101515;62.38;5000;9708015641;B
20240228;101515;62.38;10000;9708015642;B
20240228;101515;62.38;500;9708015643;B
20240228;101515;62.38;1000;9708015644;B
20240228;101515;62.38;200;9708015645;B
20240228;101515;62.38;500;9708015646;B
20240228;101515;62.385;2200;9708015647;B
20240228;101515;62.385;100;9708015648;B
20240228;101515;62.385;7500;9708015649;B
20240228;101515;62.385;100;9708015650;B
20240228;101515;62.385;1100;9708015651;B
20240228;101515;62.375;100;9708015674;S
20240228;101518;62.38;100;9708016207;S
20240228;101519;62.385;2600;9708016362;B
20240228;101519;62.375;100;9708016484;S
20240228;101525;62.385;300;9708018042;B
20240228;101525;62.385;100;9708018043;B
20240228;101525;62.385;100;9708018044;B
20240228;101525;62.385;100;9708018045;B
20240228;101525;62.385;100;9708018046;B
20240228;101525;62.385;100;9708018047;B
20240228;101525;62.385;2200;9708018048;B
20240228;101526;62.375;100;9708018175;S
20240228;101526;62.375;100;9708018179;S
20240228;101527;62.38;100;9708018397;B
20240228;101527;62.385;1600;9708018398;B
20240228;101527;62.375;100;9708018449;S
20240228;101527;62.375;100;9708018450;S
20240228;101530;62.38;100;9708019329;S
20240228;101531;62.385;6200;9708019432;B
20240228;101531;62.39;3800;9708019433;B
20240228;101531;62.38;100;9708019515;S
20240228;101539;62.39;1000;9708021096;B
20240228;101541;62.39;200;9708021500;B
20240228;101541;62.39;100;9708021502;B
20240228;101542;62.385;100;9708021656;S
20240228;101542;62.385;100;9708021845;S
20240228;101545;62.385;100;9708022362;S
20240228;101545;62.39;100;9708022374;B
20240228;101545;62.385;100;9708022444;S
20240228;101545;62.385;700;9708022525;S
20240228;101545;62.375;400;9708022526;S
20240228;101545;62.375;300;9708022527;S
20240228;101545;62.37;2500;9708022528;S
20240228;101545;62.37;700;9708022529;S
20240228;101546;62.37;300;9708022585;B
20240228;101546;62.365;100;9708022682;S
20240228;101546;62.365;100;9708022721;S
20240228;101547;62.365;100;9708022957;S
20240228;101547;62.365;100;9708022961;S
20240228;101549;62.37;3300;9708023348;B
20240228;101550;62.37;200;9708023478;B
20240228;101550;62.365;100;9708023483;S
20240228;101550;62.365;100;9708023739;S
20240228;101551;62.365;100;9708023959;S
20240228;101552;62.365;100;9708024099;S
20240228;101552;62.365;200;9708024226;S
20240228;101552;62.365;1500;9708024238;S
20240228;101552;62.365;100;9708024301;S
20240228;101552;62.365;100;9708024329;S
20240228;101554;62.365;100;9708024762;S
20240228;101554;62.365;400;9708024774;S
20240228;101556;62.37;600;9708025252;B
20240228;101556;62.365;100;9708025307;S
20240228;101556;62.365;100;9708025317;S
20240228;101556;62.37;100;9708025358;B
20240228;101557;62.365;100;9708025594;S
20240228;101557;62.365;100;9708025603;S
20240228;101557;62.365;100;9708025614;S
20240228;101558;62.37;1200;9708025713;B
20240228;101558;62.37;100;9708025779;B
20240228;101558;62.365;100;9708025789;S
20240228;101559;62.37;1300;9708025871;B
20240228;101559;62.365;100;9708025925;S
20240228;101600;62.37;600;9708026181;B
20240228;101600;62.365;100;9708026289;S
20240228;101600;62.365;100;9708026331;S
20240228;101601;62.37;200;9708026363;B
20240228;101601;62.365;100;9708026465;S
20240228;101601;62.365;100;9708026479;S
20240228;101601;62.365;100;9708026599;S
20240228;101602;62.365;100;9708026607;S
20240228;101602;62.37;300;9708026826;B
20240228;101603;62.37;5000;9708026920;B
20240228;101603;62.37;1000;9708026921;B
20240228;101603;62.365;100;9708026962;S
20240228;101603;62.37;500;9708027001;B
20240228;101603;62.37;100;9708027017;B
20240228;101604;62.365;100;9708027055;S
20240228;101604;62.37;300;9708027120;B
20240228;101605;62.365;100;9708027281;S
20240228;101605;62.365;100;9708027289;S
20240228;101605;62.365;100;9708027414;S
20240228;101605;62.37;2000;9708027462;B
20240228;101606;62.365;500;9708027484;S
20240228;101606;62.365;100;9708027579;S
20240228;101606;62.37;100;9708027605;B
20240228;101606;62.37;200;9708027607;B
20240228;101606;62.365;100;9708027610;S
20240228;101606;62.365;100;9708027633;S
20240228;101607;62.365;100;9708027738;S
20240228;101607;62.365;100;9708027778;S
20240228;101607;62.365;100;9708027783;S
20240228;101608;62.37;200;9708028034;B
20240228;101608;62.37;1000;9708028148;B
20240228;101609;62.365;100;9708028225;S
20240228;101609;62.37;300;9708028229;B
20240228;101609;62.365;100;9708028232;S
20240228;101609;62.365;100;9708028235;S
20240228;101609;62.365;100;9708028308;S
20240228;101609;62.37;100;9708028329;B
20240228;101609;62.365;100;9708028359;S
20240228;101610;62.365;100;9708028390;S
20240228;101610;62.365;100;9708028398;S
20240228;101610;62.365;100;9708028464;S
20240228;101610;62.365;100;9708028554;S
20240228;101610;62.365;100;9708028629;S
20240228;101610;62.37;300;9708028635;B
20240228;101611;62.37;2000;9708028759;B
20240228;101611;62.365;100;9708028880;S
20240228;101612;62.37;1300;9708028931;B
20240228;101612;62.365;100;9708028950;S
20240228;101612;62.37;100;9708029042;B
20240228;101613;62.365;100;9708029105;S
20240228;101613;62.365;200;9708029115;S
20240228;101613;62.37;100;9708029140;B
20240228;101613;62.365;100;9708029153;S
20240228;101613;62.365;100;9708029210;S
20240228;101613;62.365;100;9708029215;S
20240228;101613;62.365;100;9708029216;S
20240228;101613;62.365;100;9708029220;S
20240228;101613;62.37;100;9708029270;B
20240228;101613;62.365;100;9708029297;S
20240228;101614;62.365;100;9708029325;S
20240228;101614;62.365;900;9708029360;S
20240228;101614;62.37;300;9708029405;B
20240228;101615;62.365;100;9708029523;S
20240228;101615;62.37;300;9708029636;B
20240228;101615;62.365;100;9708029638;S
20240228;101616;62.37;100;9708029726;B
20240228;101616;62.365;100;9708029743;S
20240228;101616;62.365;100;9708029760;S
20240228;101617;62.365;100;9708029847;S
20240228;101617;62.37;700;9708029851;B
20240228;101617;62.37;1100;9708029852;B
20240228;101617;62.365;100;9708029864;S
20240228;101617;62.365;100;9708029939;S
20240228;101617;62.365;100;9708029948;S
20240228;101617;62.365;100;9708029997;S
20240228;101617;62.37;100;9708030015;B
20240228;101617;62.37;100;9708030023;B
20240228;101617;62.37;100;9708030024;B
20240228;101617;62.37;800;9708030025;B
20240228;101617;62.37;400;9708030060;B
20240228;101617;62.38;100;9708030061;B
20240228;101619;62.385;100;9708030285;B
20240228;101619;62.385;500;9708030286;B
20240228;101619;62.37;100;9708030313;S
20240228;101625;62.38;100;9708031472;B
20240228;101626;62.375;100;9708031707;S
20240228;101626;62.375;100;9708031718;S
20240228;101626;62.38;600;9708031723;B
20240228;101626;62.385;300;9708031724;B
20240228;101627;62.38;100;9708031813;B
20240228;101631;62.375;100;9708032840;S
20240228;101631;62.375;100;9708032854;S
20240228;101631;62.38;700;9708032856;B
20240228;101632;62.375;100;9708032915;S
20240228;101632;62.375;100;9708033039;S
20240228;101632;62.375;100;9708033044;S
20240228;101632;62.375;300;9708033045;S
20240228;101633;62.375;1000;9708033319;S
20240228;101633;62.37;100;9708033343;S
20240228;101634;62.37;100;9708033366;S
20240228;101634;62.37;100;9708033394;S
20240228;101634;62.37;100;9708033445;S
20240228;101634;62.37;100;9708033502;S
20240228;101634;62.375;100;9708033514;B
20240228;101635;62.375;100;9708033522;S
20240228;101635;62.375;100;9708033571;S
20240228;101635;62.375;100;9708033591;S
20240228;101635;62.375;100;9708033728;S
20240228;101636;62.375;100;9708033756;S
20240228;101636;62.375;100;9708033779;S
20240228;101636;62.375;100;9708033788;S
20240228;101637;62.375;100;9708034004;S
20240228;101637;62.38;100;9708034079;B
20240228;101638;62.375;100;9708034106;S
20240228;101638;62.375;1100;9708034107;S
20240228;101638;62.37;100;9708034169;B
20240228;101638;62.37;200;9708034241;B
20240228;101638;62.365;100;9708034256;S
20240228;101638;62.365;100;9708034282;S
20240228;101639;62.37;900;9708034324;B
20240228;101639;62.365;1000;9708034325;S
20240228;101639;62.365;100;9708034326;S
20240228;101639;62.365;500;9708034327;S
20240228;101639;62.365;1100;9708034328;S
20240228;101639;62.365;900;9708034329;S
20240228;101639;62.365;1100;9708034330;S
20240228;101639;62.365;300;9708034331;S
20240228;101639;62.365;100;9708034332;S
20240228;101639;62.36;100;9708034376;S
20240228;101639;62.36;1100;9708034459;S
20240228;101639;62.36;1000;9708034460;S
20240228;101639;62.355;700;9708034461;S
20240228;101639;62.355;200;9708034462;S
20240228;101639;62.355;1200;9708034463;S
20240228;101639;62.35;500;9708034473;S
20240228;101640;62.35;100;9708034536;S
20240228;101640;62.35;100;9708034643;S
20240228;101641;62.35;500;9708034672;S
20240228;101641;62.345;1000;9708034673;S
20240228;101641;62.345;2000;9708034674;S
20240228;101641;62.345;100;9708034675;S
20240228;101641;62.34;1400;9708034676;S
20240228;101641;62.35;500;9708034752;B
20240228;101641;62.35;1000;9708034753;B
20240228;101641;62.35;100;9708034754;B
20240228;101642;62.35;100;9708034901;S
20240228;101642;62.355;100;9708034977;B
20240228;101643;62.35;100;9708034997;S
20240228;101643;62.365;100;9708035036;B
20240228;101643;62.35;100;9708035040;S
20240228;101643;62.35;2100;9708035042;S
20240228;101643;62.345;500;9708035043;S
20240228;101643;62.345;200;9708035044;S
20240228;101643;62.34;7200;9708035045;S
20240228;101643;62.34;100;9708035069;S
20240228;101643;62.345;100;9708035129;S
20240228;101645;62.345;200;9708035390;S
20240228;101645;62.35;100;9708035418;B
20240228;101646;62.345;100;9708035586;S
20240228;101646;62.345;100;9708035587;S
20240228;101647;62.345;100;9708035863;S
20240228;101648;62.345;100;9708035960;S
20240228;101648;62.345;1200;9708036011;S
20240228;101648;62.345;100;9708036023;S
20240228;101649;62.345;100;9708036043;S
20240228;101649;62.35;100;9708036061;B
20240228;101651;62.355;100;9708036458;B
20240228;101653;62.36;100;9708036967;B
20240228;101653;62.345;3900;9708037018;S
20240228;101653;62.345;2000;9708037019;S
20240228;101653;62.34;4100;9708037020;S
20240228;101655;62.345;100;9708037321;S
20240228;101655;62.36;100;9708037323;B
20240228;101659;62.36;500;9708037831;B
20240228;101659;62.36;100;9708037832;B
20240228;101659;62.37;400;9708037927;B
20240228;101659;62.37;100;9708037963;B
20240228;101700;62.37;100;9708038019;S
20240228;101700;62.37;100;9708038067;S
20240228;101701;62.37;100;9708038113;S
20240228;101701;62.37;600;9708038303;S
20240228;101701;62.37;100;9708038304;S
20240228;101702;62.375;300;9708038354;B
20240228;101702;62.37;100;9708038357;S
20240228;101705;62.38;100;9708038862;B
20240228;101710;62.375;100;9708039566;B
20240228;101710;62.37;100;9708039574;S
20240228;101710;62.37;100;9708039635;S
20240228;101711;62.37;200;9708039816;S
20240228;101712;62.375;300;9708040044;B
20240228;101713;62.38;100;9708040211;B
20240228;101714;62.38;100;9708040396;B
20240228;101715;62.38;100;9708040827;B
20240228;101717;62.38;100;9708041354;B
20240228;101719;62.37;1300;9708042027;S
20240228;101721;62.375;100;9708042411;B
20240228;101723;62.375;1500;9708043252;B
20240228;101724;62.375;1100;9708043394;B
20240228;101724;62.375;100;9708043455;B
20240228;101726;62.375;500;9708043817;B
20240228;101731;62.375;100;9708044964;B
20240228;101733;62.375;500;9708045115;B
20240228;101733;62.375;100;9708045116;B
20240228;101733;62.38;10000;9708045117;B
20240228;101733;62.38;200;9708045118;B
20240228;101735;62.38;100;9708045420;S
20240228;101736;62.385;1000;9708045683;B
20240228;101737;62.385;400;9708045921;B
20240228;101737;62.385;7500;9708045922;B
20240228;101737;62.385;200;9708045923;B
20240228;101737;62.385;100;9708045924;B
20240228;101737;62.385;1800;9708045925;B
20240228;101737;62.385;3200;9708046012;B
20240228;101739;62.385;200;9708046167;B
20240228;101740;62.385;600;9708046457;B
20240228;101744;62.38;100;9708047121;S
20240228;101744;62.38;100;9708047156;S
20240228;101746;62.38;100;9708047345;S
20240228;101749;62.38;100;9708047801;S
20240228;101749;62.38;100;9708047844;S
20240228;101751;62.385;400;9708048222;B
20240228;101754;62.385;3800;9708048730;B
20240228;101754;62.39;1200;9708048731;B
20240228;101754;62.39;100;9708048757;B
20240228;101755;62.39;800;9708048897;B
20240228;101756;62.39;100;9708049073;B
20240228;101757;62.385;600;9708049356;S
20240228;101758;62.39;300;9708049559;B
20240228;101759;62.39;400;9708049629;B
20240228;101759;62.39;500;9708049711;B
20240228;101801;62.39;100;9708050573;B
20240228;101803;62.39;100;9708050936;B
20240228;101806;62.385;300;9708051557;S
20240228;101808;62.385;900;9708051948;S
20240228;101809;62.39;600;9708052010;B
20240228;101811;62.39;5000;9708052509;B
20240228;101814;62.39;100;9708053133;B
20240228;101819;62.39;400;9708053755;B
20240228;101822;62.39;400;9708054261;B
20240228;101825;62.385;100;9708054957;S
20240228;101825;62.385;100;9708054979;S
20240228;101827;62.39;800;9708055275;B
20240228;101827;62.39;600;9708055276;B
20240228;101827;62.39;13000;9708055283;B
20240228;101827;62.39;1000;9708055284;B
20240228;101829;62.39;400;9708055558;B
20240228;101829;62.39;100;9708055559;B
20240228;101829;62.39;200;9708055560;B
20240228;101831;62.39;100;9708055935;B
20240228;101831;62.39;200;9708055936;B
20240228;101832;62.39;900;9708056517;B
20240228;101833;62.385;100;9708056681;S
20240228;101833;62.385;100;9708056716;S
20240228;101835;62.385;500;9708056930;S
20240228;101836;62.385;500;9708057188;S
20240228;101837;62.39;1400;9708057236;B
20240228;101837;62.39;1100;9708057237;B
20240228;101838;62.39;100;9708057456;B
20240228;101839;62.39;1200;9708057512;B
20240228;101841;62.39;300;9708057761;B
20240228;101841;62.39;1300;9708057870;B
20240228;101841;62.39;200;9708057871;B
20240228;101841;62.39;500;9708057872;B
20240228;101841;62.39;100;9708057873;B
20240228;101841;62.39;1000;9708057874;B
20240228;101841;62.39;500;9708057875;B
20240228;101841;62.39;300;9708057876;B
20240228;101841;62.39;800;9708057877;B
20240228;101841;62.39;500;9708057878;B
20240228;101842;62.39;500;9708057895;B
20240228;101843;62.39;600;9708058155;B
20240228;101843;62.385;100;9708058211;S
20240228;101844;62.39;100;9708058260;B
20240228;101844;62.385;1000;9708058389;S
20240228;101846;62.385;500;9708059090;S
20240228;101853;62.39;300;9708060511;B
20240228;101853;62.39;100;9708060512;B
20240228;101854;62.39;100;9708060625;B
20240228;101854;62.39;100;9708060679;B
20240228;101854;62.39;400;9708060681;B
20240228;101859;62.39;600;9708061562;B
20240228;101903;62.385;100;9708062333;S
20240228;101906;62.385;500;9708062982;S
20240228;101909;62.39;3700;9708063674;B
20240228;101909;62.39;4700;9708063675;B
20240228;101910;62.385;1400;9708064037;S
20240228;101911;62.39;200;9708064234;B
20240228;101912;62.385;1000;9708064812;S
20240228;101912;62.385;200;9708064813;S
20240228;101916;62.385;500;9708065947;S
20240228;101916;62.385;1000;9708065988;S
20240228;101919;62.39;700;9708066442;B
20240228;101919;62.385;4800;9708066456;S
20240228;101920;62.385;3300;9708066658;S
20240228;101920;62.39;3500;9708066682;B
20240228;101922;62.39;2000;9708066967;B
20240228;101922;62.385;100;9708066972;S
20240228;101925;62.385;100;9708067389;S
20240228;101925;62.385;100;9708067390;S
20240228;101925;62.385;300;9708067391;S
20240228;101925;62.385;3300;9708067392;S
20240228;101925;62.385;100;9708067393;S
20240228;101925;62.38;900;9708067394;S
20240228;101926;62.385;300;9708067547;S
20240228;101927;62.39;200;9708067658;B
20240228;101931;62.385;700;9708068295;S
20240228;101931;62.385;100;9708068313;B
20240228;101932;62.385;100;9708068434;B
20240228;101932;62.38;20000;9708068453;S
20240228;101932;62.38;600;9708068493;S
20240228;101933;62.38;2100;9708068595;S
20240228;101933;62.375;1000;9708068596;S
20240228;101933;62.375;600;9708068597;S
20240228;101933;62.37;100;9708068598;S
20240228;101933;62.37;400;9708068599;S
20240228;101939;62.36;600;9708069574;B
20240228;101939;62.36;100;9708069575;B
20240228;101939;62.365;3300;9708069576;B
20240228;101939;62.365;1000;9708069577;B
20240228;101939;62.37;1000;9708069578;B
20240228;101939;62.37;6500;9708069579;B
20240228;101945;62.355;1200;9708070476;S
20240228;101945;62.35;300;9708070524;S
20240228;101946;62.355;100;9708070557;B
20240228;101949;62.35;300;9708071131;S
20240228;101949;62.35;100;9708071132;S
20240228;101949;62.35;600;9708071133;S
20240228;101949;62.35;500;9708071148;S
20240228;101950;62.35;9000;9708071306;S
20240228;101950;62.35;400;9708071307;S
20240228;101950;62.35;300;9708071308;S
20240228;101950;62.35;1900;9708071309;S
20240228;101950;62.35;3200;9708071388;S
20240228;101950;62.35;4000;9708071389;S
20240228;101950;62.345;500;9708071390;S
20240228;101950;62.34;2300;9708071391;S
20240228;101950;62.34;500;9708071392;S
20240228;101950;62.34;500;9708071393;S
20240228;101950;62.34;1700;9708071394;S
20240228;101951;62.34;100;9708071520;S
20240228;101951;62.34;200;9708071521;S
20240228;101952;62.34;500;9708071534;S
20240228;101952;62.345;500;9708071551;B
20240228;101952;62.34;100;9708071585;S
20240228;101954;62.34;500;9708071979;S
20240228;101957;62.34;1600;9708072322;S
20240228;101957;62.34;1300;9708072324;S
20240228;101957;62.34;100;9708072407;S
20240228;101957;62.34;100;9708072408;S
20240228;101957;62.34;100;9708072409;S
20240228;101959;62.345;500;9708072710;B
20240228;101959;62.345;200;9708072711;B
20240228;101959;62.345;3200;9708072712;B
20240228;101959;62.35;600;9708072713;B
20240228;101959;62.35;1000;9708072714;B
20240228;101959;62.355;3700;9708072715;B
20240228;101959;62.355;1000;9708072716;B
20240228;101959;62.36;500;9708072717;B
20240228;101959;62.36;3300;9708072718;B
20240228;101959;62.365;1000;9708072719;B
20240228;101959;62.365;7400;9708072720;B
20240228;101959;62.365;500;9708072750;S
20240228;102000;62.365;1600;9708072810;S
20240228;102002;62.365;200;9708073217;S
20240228;102004;62.365;500;9708073589;S
20240228;102004;62.37;100;9708073614;B
20240228;102004;62.365;1100;9708073634;S
20240228;102006;62.365;100;9708074251;S
20240228;102006;62.365;100;9708074290;S
20240228;102006;62.365;100;9708074296;S
20240228;102006;62.365;100;9708074297;S
20240228;102006;62.365;100;9708074442;S
20240228;102007;62.37;1100;9708074557;B
20240228;102007;62.37;1000;9708074558;B
20240228;102007;62.375;300;9708074559;B
20240228;102007;62.375;1000;9708074560;B
20240228;102007;62.375;600;9708074561;B
20240228;102007;62.38;1000;9708074562;B
20240228;102008;62.365;100;9708074927;S
20240228;102017;62.37;1000;9708077264;S
20240228;102019;62.37;600;9708078100;B
20240228;102020;62.38;100;9708078904;B
20240228;102025;62.375;100;9708081412;B
20240228;102026;62.37;100;9708081491;S
20240228;102028;62.37;5000;9708082056;S
20240228;102028;62.375;100;9708082098;B
20240228;102030;62.375;100;9708083150;B
20240228;102030;62.375;100;9708083266;B
20240228;102033;62.37;4200;9708083947;S
20240228;102035;62.37;5000;9708084794;S
20240228;102035;62.37;6400;9708085289;S
20240228;102037;62.37;100;9708085893;S
20240228;102038;62.375;200;9708086133;B
20240228;102039;62.375;700;9708086164;B
20240228;102039;62.375;600;9708086165;B
20240228;102039;62.375;1000;9708086166;B
20240228;102039;62.375;2100;9708086167;B
20240228;102039;62.375;4000;9708086168;S
20240228;102042;62.37;5000;9708086859;S
20240228;102043;62.365;100;9708087834;S
20240228;102043;62.365;200;9708087835;S
20240228;102043;62.365;100;9708087836;S
20240228;102043;62.365;200;9708087837;S
20240228;102043;62.365;400;9708087838;S
20240228;102046;62.365;100;9708089165;S
20240228;102048;62.375;600;9708089956;B
20240228;102048;62.375;1000;9708089957;B
20240228;102048;62.38;700;9708089958;B
20240228;102049;62.365;200;9708090080;S
20240228;102049;62.365;100;9708090081;S
20240228;102049;62.365;600;9708090082;S
20240228;102049;62.365;100;9708090083;S
20240228;102049;62.365;100;9708090084;S
20240228;102049;62.365;100;9708090085;S
20240228;102049;62.365;200;9708090086;S
20240228;102049;62.365;100;9708090087;S
20240228;102049;62.365;200;9708090088;S
20240228;102049;62.365;700;9708090103;S
20240228;102049;62.365;100;9708090104;S
20240228;102051;62.365;100;9708090799;S
20240228;102052;62.365;100;9708091045;S
20240228;102052;62.365;100;9708091056;S
20240228;102053;62.365;100;9708091690;S
20240228;102054;62.365;200;9708091996;S
20240228;102054;62.365;100;9708091997;S
20240228;102054;62.365;100;9708091998;S
20240228;102057;62.365;100;9708092542;S
20240228;102057;62.365;100;9708092543;S
20240228;102057;62.365;100;9708092977;S
20240228;102057;62.37;100;9708092995;B
20240228;102057;62.37;900;9708092996;B
20240228;102058;62.365;200;9708093116;S
20240228;102058;62.365;200;9708093117;S
20240228;102059;62.37;100;9708093278;B
20240228;102059;62.37;3300;9708093279;B
20240228;102101;62.37;100;9708093819;S
20240228;102103;62.37;900;9708094837;S
20240228;102105;62.375;2000;9708095842;B
20240228;102108;62.37;100;9708097213;S
20240228;102110;62.37;100;9708097491;S
20240228;102110;62.37;100;9708097492;S
20240228;102110;62.365;400;9708097493;S
20240228;102112;62.375;100;9708098466;B
20240228;102114;62.37;100;9708099204;S
20240228;102116;62.375;700;9708100133;B
20240228;102119;62.375;400;9708101796;B
20240228;102119;62.375;400;9708101797;B
20240228;102119;62.37;900;9708101892;S
20240228;102119;62.365;100;9708101893;S
20240228;102119;62.365;100;9708101894;S
20240228;102119;62.365;300;9708101895;S
20240228;102120;62.365;200;9708102128;S
20240228;102121;62.37;100;9708102307;B
20240228;102127;62.365;100;9708104792;S
20240228;102131;62.365;100;9708105479;S
20240228;102138;62.37;100;9708108246;B
20240228;102139;62.37;400;9708108286;B
20240228;102139;62.37;200;9708108313;B
20240228;102140;62.37;1200;9708108424;B
20240228;102140;62.37;100;9708108425;B
20240228;102140;62.37;1000;9708108426;B
20240228;102140;62.37;100;9708108427;B
20240228;102140;62.37;800;9708108428;B
20240228;102143;62.37;200;9708109180;B
20240228;102144;62.37;600;9708109247;B
20240228;102146;62.37;100;9708109963;B
20240228;102147;62.37;300;9708110863;B
20240228;102147;62.37;2000;9708110864;B
20240228;102147;62.37;100;9708110865;B
20240228;102151;62.375;100;9708111841;B
20240228;102151;62.37;100;9708111863;S
20240228;102152;62.37;100;9708111994;S
20240228;102154;62.37;100;9708112671;S
20240228;102158;62.37;700;9708114150;S
20240228;102159;62.375;500;9708114290;B
20240228;102159;62.375;100;9708114291;B
20240228;102159;62.37;4800;9708114311;S
20240228;102202;62.37;100;9708116027;S
20240228;102204;62.37;100;9708116227;S
20240228;102205;62.37;1100;9708116613;S
20240228;102210;62.375;100;9708118713;B
20240228;102219;62.375;500;9708121251;B
20240228;102223;62.375;800;9708122039;B
20240228;102225;62.375;500;9708122549;B
20240228;102225;62.37;500;9708122567;S
20240228;102225;62.37;15500;9708122568;S
20240228;102225;62.365;600;9708122569;S
20240228;102225;62.365;100;9708122570;S
20240228;102225;62.365;100;9708122571;S
20240228;102225;62.365;100;9708122572;S
20240228;102225;62.365;200;9708122573;S
20240228;102225;62.365;100;9708122574;S
20240228;102225;62.365;100;9708122575;S
20240228;102225;62.365;200;9708122576;S
20240228;102225;62.365;700;9708122577;S
20240228;102225;62.365;100;9708122578;S
20240228;102225;62.365;300;9708122579;S
20240228;102225;62.365;100;9708122580;S
20240228;102225;62.365;400;9708122581;S
20240228;102225;62.365;600;9708122582;S
20240228;102225;62.365;18000;9708122583;S
20240228;102225;62.365;1000;9708122584;S
20240228;102225;62.36;200;9708122585;S
20240228;102225;62.36;300;9708122586;S
20240228;102225;62.36;600;9708122614;B
20240228;102225;62.36;100;9708122615;B
20240228;102225;62.36;100;9708122616;B
20240228;102225;62.36;100;9708122617;B
20240228;102225;62.36;200;9708122618;B
20240228;102225;62.36;100;9708122619;B
20240228;102225;62.36;200;9708122620;B
20240228;102225;62.36;200;9708122621;B
20240228;102225;62.36;500;9708122622;B
20240228;102225;62.36;100;9708122623;B
20240228;102225;62.36;300;9708122626;B
20240228;102225;62.36;400;9708122628;B
20240228;102226;62.36;600;9708122644;B
20240228;102226;62.36;100;9708122646;B
20240228;102226;62.36;100;9708122650;B
20240228;102226;62.36;100;9708122672;B
20240228;102226;62.36;200;9708122682;B
20240228;102226;62.36;100;9708122684;B
20240228;102226;62.36;200;9708122688;B
20240228;102226;62.36;300;9708122693;B
20240228;102226;62.36;400;9708122694;B
20240228;102226;62.36;100;9708122695;B
20240228;102226;62.36;300;9708122696;B
20240228;102226;62.36;400;9708122698;B
20240228;102226;62.36;600;9708122699;B
20240228;102226;62.36;100;9708122700;B
20240228;102226;62.36;100;9708122703;B
20240228;102226;62.36;200;9708122720;B
20240228;102226;62.36;200;9708122723;B
20240228;102226;62.36;400;9708122725;B
20240228;102226;62.365;300;9708122726;B
20240228;102226;62.365;300;9708122727;B
20240228;102226;62.365;400;9708122736;B
20240228;102226;62.365;300;9708122739;B
20240228;102226;62.365;300;9708122740;B
20240228;102226;62.365;100;9708122741;B
20240228;102226;62.365;100;9708122744;B
20240228;102226;62.365;200;9708122746;B
20240228;102226;62.365;100;9708122750;B
20240228;102226;62.365;200;9708122755;B
20240228;102226;62.365;200;9708122770;S
20240228;102229;62.37;300;9708124326;B
20240228;102235;62.365;100;9708126832;S
20240228;102236;62.365;200;9708127312;S
20240228;102236;62.365;300;9708127313;S
20240228;102236;62.365;300;9708127314;S
20240228;102239;62.37;100;9708127950;B
20240228;102241;62.365;100;9708129139;S
20240228;102241;62.365;600;9708129140;S
20240228;102241;62.365;100;9708129141;S
20240228;102241;62.365;100;9708129142;S
20240228;102241;62.365;200;9708129143;S
20240228;102241;62.365;300;9708129144;S
20240228;102243;62.365;400;9708130078;S
20240228;102243;62.365;300;9708130079;S
20240228;102243;62.365;400;9708130080;S
20240228;102243;62.365;600;9708130081;S
20240228;102243;62.365;100;9708130082;S
20240228;102243;62.365;100;9708130083;S
20240228;102243;62.355;600;9708130084;S
20240228;102243;62.35;400;9708130085;S
20240228;102243;62.35;100;9708130086;S
20240228;102243;62.345;1300;9708130087;S
20240228;102243;62.34;800;9708130088;S
20240228;102243;62.34;100;9708130089;S
20240228;102243;62.34;3300;9708130090;S
20240228;102243;62.335;1000;9708130091;S
20240228;102243;62.335;1200;9708130092;S
20240228;102243;62.335;3000;9708130093;S
20240228;102243;62.33;1000;9708130094;S
20240228;102243;62.33;500;9708130095;S
20240228;102243;62.33;100;9708130096;S
20240228;102243;62.33;1000;9708130097;S
20240228;102243;62.33;1200;9708130098;S
20240228;102243;62.325;100;9708130099;S
20240228;102243;62.325;1000;9708130100;S
20240228;102243;62.325;1200;9708130101;S
20240228;102243;62.325;4000;9708130102;S
20240228;102243;62.32;1000;9708130103;S
20240228;102243;62.32;2000;9708130104;S
20240228;102243;62.315;200;9708130105;S
20240228;102243;62.315;1000;9708130106;S
20240228;102243;62.31;1000;9708130107;S
20240228;102243;62.31;200;9708130108;S
20240228;102243;62.31;500;9708130109;S
20240228;102243;62.31;2000;9708130110;S
20240228;102243;62.31;6200;9708130111;S
20240228;102243;62.305;1000;9708130112;S
20240228;102243;62.305;12000;9708130113;S
20240228;102243;62.305;2200;9708130114;S
20240228;102243;62.305;700;9708130115;S
20240228;102243;62.3;100;9708130116;S
20240228;102243;62.3;100;9708130117;S
20240228;102243;62.3;1000;9708130118;S
20240228;102243;62.3;200;9708130119;S
20240228;102243;62.3;24800;9708130120;S
20240228;102243;62.345;400;9708130134;B
20240228;102243;62.345;300;9708130135;B
20240228;102243;62.345;300;9708130136;B
20240228;102243;62.345;400;9708130138;B
20240228;102243;62.345;300;9708130140;B
20240228;102243;62.35;300;9708130141;B
20240228;102243;62.35;100;9708130142;B
20240228;102243;62.35;400;9708130160;B
20240228;102243;62.35;200;9708130161;B
20240228;102243;62.35;300;9708130167;B
20240228;102243;62.355;100;9708130168;B
20240228;102243;62.35;400;9708130171;B
20240228;102243;62.35;100;9708130174;B
20240228;102243;62.35;400;9708130237;B
20240228;102246;62.345;100;9708131947;B
20240228;102249;62.325;600;9708133128;S
20240228;102249;62.325;400;9708133129;S
20240228;102254;62.315;3300;9708135149;S
20240228;102254;62.31;700;9708135150;S
20240228;102254;62.315;3300;9708135475;S
20240228;102254;62.315;1000;9708135476;S
20240228;102254;62.31;2300;9708135477;S
20240228;102254;62.31;600;9708135478;S
20240228;102254;62.31;600;9708135479;S
20240228;102254;62.31;1000;9708135480;S
20240228;102254;62.31;200;9708135481;S
20240228;102254;62.305;1200;9708135482;S
20240228;102254;62.305;300;9708135483;S
20240228;102254;62.305;1000;9708135484;S
20240228;102254;62.3;8500;9708135485;S
20240228;102259;62.335;700;9708136711;B
20240228;102259;62.335;600;9708136712;B
20240228;102259;62.34;2800;9708136713;B
20240228;102259;62.345;100;9708136714;B
20240228;102259;62.345;1000;9708136715;B
20240228;102259;62.345;8400;9708136716;B
20240228;102259;62.35;30000;9708136717;B
20240228;102259;62.355;1900;9708136718;B
20240228;102259;62.355;1000;9708136719;B
20240228;102259;62.36;1000;9708136720;B
20240228;102259;62.36;4600;9708136721;S
20240228;102259;62.37;500;9708137248;B
20240228;102259;62.375;100;9708137249;B
20240228;102259;62.375;1200;9708137250;B
20240228;102259;62.375;1500;9708137251;B
20240228;102259;62.38;100;9708137252;B
20240228;102259;62.38;1600;9708137253;B
20240228;102303;62.365;300;9708138664;S
20240228;102304;62.365;100;9708139109;S
20240228;102307;62.365;500;9708140303;S
20240228;102336;62.345;100;9708151819;S
20240228;102336;62.345;100;9708151820;S
20240228;102336;62.37;300;9708151824;B
20240228;102346;62.38;600;9708155151;B
20240228;102346;62.38;700;9708155152;B
20240228;102353;62.375;100;9708157612;S
20240228;102354;62.375;200;9708157795;S
20240228;102355;62.375;100;9708157940;S
20240228;102358;62.375;1900;9708159758;S
20240228;102402;62.375;100;9708160432;S
20240228;102402;62.38;1600;9708160470;B
20240228;102402;62.38;200;9708160471;B
20240228;102402;62.38;200;9708160472;B
20240228;102405;62.38;100;9708161488;B
20240228;102414;62.375;2000;9708166251;S
20240228;102418;62.375;600;9708168111;S
20240228;102418;62.375;600;9708168112;S
20240228;102418;62.365;4200;9708168113;S
20240228;102419;62.38;100;9708168542;B
20240228;102421;62.38;100;9708169033;B
20240228;102424;62.38;200;9708170422;B
20240228;102437;62.365;800;9708175879;S
20240228;102437;62.36;500;9708175880;S
20240228;102437;62.355;1000;9708175881;S
20240228;102437;62.355;1200;9708175882;S
20240228;102437;62.35;1200;9708175883;S
20240228;102437;62.35;2000;9708175884;S
20240228;102437;62.35;1000;9708175885;S
20240228;102437;62.345;1200;9708175886;S
20240228;102437;62.34;1100;9708175887;S
20240228;102439;62.36;1000;9708176999;B
20240228;102439;62.36;100;9708177000;B
20240228;102440;62.36;700;9708177588;S
20240228;102440;62.36;1000;9708177632;S
20240228;102447;62.36;2000;9708180665;S
20240228;102453;62.365;100;9708183057;B
20240228;102457;62.36;200;9708183904;S
20240228;102459;62.36;100;9708184896;S
20240228;102503;62.36;500;9708185617;B
20240228;102503;62.36;3300;9708185618;B
20240228;102503;62.36;1000;9708185619;B
20240228;102503;62.36;100;9708185620;B
20240228;102503;62.37;100;9708185621;B
20240228;102507;62.335;500;9708187274;S
20240228;102507;62.33;2000;9708187275;S
20240228;102507;62.325;500;9708187276;S
20240228;102507;62.32;2000;9708187277;S
20240228;102510;62.35;100;9708187803;B
20240228;102512;62.325;100;9708188329;S
20240228;102519;62.34;400;9708190243;B
20240228;102519;62.345;3300;9708190244;B
20240228;102519;62.345;400;9708190245;B
20240228;102519;62.35;100;9708190246;B
20240228;102519;62.35;1000;9708190247;B
20240228;102519;62.355;1000;9708190248;B
20240228;102519;62.36;1000;9708190249;B
20240228;102519;62.36;1500;9708190250;B
20240228;102522;62.36;100;9708191964;S
20240228;102525;62.365;100;9708192452;B
20240228;102525;62.365;9900;9708192735;B
20240228;102525;62.365;200;9708192736;B
20240228;102528;62.365;100;9708193340;B
20240228;102528;62.36;300;9708193341;S
20240228;102528;62.36;600;9708193419;S
20240228;102549;62.36;500;9708199746;B
20240228;102549;62.36;1000;9708199747;B
20240228;102552;62.36;200;9708200341;S
20240228;102553;62.36;100;9708200593;S
20240228;102554;62.365;700;9708200669;B
20240228;102556;62.36;100;9708200996;S
20240228;102557;62.365;100;9708201136;B
20240228;102600;62.36;2200;9708201530;S
20240228;102607;62.365;200;9708202436;B
20240228;102607;62.365;3000;9708202437;B
20240228;102607;62.365;500;9708202438;B
20240228;102616;62.365;100;9708203688;S
20240228;102618;62.365;100;9708203950;S
20240228;102618;62.365;1700;9708203972;S
20240228;102621;62.365;1000;9708204313;S
20240228;102622;62.365;500;9708204404;S
20240228;102622;62.37;100;9708204440;B
20240228;102623;62.37;200;9708204606;B
20240228;102623;62.37;100;9708204648;B
20240228;102626;62.365;400;9708205177;S
20240228;102629;62.365;300;9708205683;S
20240228;102633;62.37;100;9708206108;B
20240228;102637;62.37;1500;9708206637;B
20240228;102637;62.365;200;9708206721;S
20240228;102638;62.37;500;9708206833;B
20240228;102638;62.37;900;9708206834;B
20240228;102640;62.365;1000;9708207018;S
20240228;102641;62.37;200;9708207063;B
20240228;102649;62.36;100;9708208320;S
20240228;102651;62.36;600;9708208671;B
20240228;102651;62.365;3300;9708208672;B
20240228;102651;62.365;1000;9708208673;B
20240228;102651;62.37;4400;9708208674;B
20240228;102651;62.37;100;9708208675;B
20240228;102651;62.37;100;9708208676;B
20240228;102651;62.37;1000;9708208677;B
20240228;102651;62.37;700;9708208678;B
20240228;102655;62.37;4000;9708209334;S
20240228;102658;62.37;100;9708209912;S
20240228;102702;62.375;100;9708210397;B
20240228;102702;62.375;7500;9708210398;B
20240228;102702;62.375;3000;9708210399;B
20240228;102702;62.375;2000;9708210400;B
20240228;102702;62.375;1200;9708210401;B
20240228;102702;62.375;3300;9708210402;B
20240228;102702;62.38;600;9708210403;B
20240228;102702;62.38;100;9708210404;B
20240228;102702;62.38;8200;9708210405;B
20240228;102703;62.37;3000;9708210554;S
20240228;102706;62.37;1000;9708211211;S
20240228;102706;62.375;2000;9708211318;B
20240228;102706;62.375;500;9708211319;B
20240228;102713;62.37;300;9708212513;S
20240228;102715;62.37;400;9708213050;S
20240228;102715;62.37;5000;9708213051;S
20240228;102719;62.35;200;9708214122;S
20240228;102719;62.35;100;9708214377;S
20240228;102720;62.355;100;9708214505;B
20240228;102726;62.35;100;9708216492;S
20240228;102730;62.35;600;9708217546;S
20240228;102730;62.34;100;9708217547;S
20240228;102730;62.34;100;9708217548;S
20240228;102730;62.33;100;9708217549;S
20240228;102730;62.325;700;9708217550;S
20240228;102730;62.32;900;9708217551;S
20240228;102730;62.32;100;9708217638;S
