<DATE>;<TIME>;<LAST>;<VOL>;<ID>;<OPER>
20240214;095932;58.420000000;300;9595797697;B
20240214;095932;58.420000000;200;9595797698;S
20240214;095932;58.420000000;500;9595797699;S
20240214;095932;58.420000000;100;9595797700;B
20240214;095932;58.420000000;100;9595797701;S
20240214;095932;58.420000000;3800;9595797702;S
20240214;095932;58.420000000;1200;9595797703;B
20240214;095932;58.420000000;100;9595797704;S
20240214;095932;58.420000000;200;9595797705;B
20240214;095932;58.420000000;100;9595797706;S
20240214;095932;58.420000000;100;9595797707;S
20240214;095932;58.420000000;100;9595797708;B
20240214;095932;58.420000000;700;9595797709;S
20240214;095932;58.420000000;2300;9595797710;B
20240214;095932;58.420000000;2000;9595797711;B
20240214;095932;58.420000000;700;9595797712;B
20240214;095932;58.420000000;100;9595797713;B
20240214;095932;58.420000000;100;9595797714;B
20240214;095932;58.420000000;100;9595797715;B
20240214;095932;58.420000000;100;9595797716;B
20240214;095932;58.420000000;100;9595797717;B
20240214;095932;58.420000000;100;9595797718;S
20240214;095932;58.420000000;100;9595797719;S
20240214;095932;58.420000000;100;9595797720;S
20240214;095932;58.420000000;100;9595797721;S
20240214;095932;58.420000000;100;9595797722;S
20240214;095932;58.420000000;200;9595797723;S
20240214;095932;58.420000000;100;9595797724;S
20240214;095932;58.420000000;100;9595797725;S
20240214;095932;58.420000000;300;9595797726;S
20240214;095932;58.420000000;2600;9595797727;S
20240214;095932;58.420000000;100;9595797728;S
20240214;095932;58.420000000;100;9595797729;S
20240214;095932;58.420000000;100;9595797730;B
20240214;095932;58.420000000;100;9595797731;B
20240214;100000;58.420000000;100;9595807333;S
20240214;100000;58.420000000;100;9595807334;S
20240214;100001;58.420000000;100;9595808541;B
20240214;100001;58.420000000;100;9595808920;B
20240214;100001;58.420000000;3800;9595808941;B
20240214;100001;58.415000000;700;9595809412;S
20240214;100001;58.410000000;1300;9595809413;S
20240214;100001;58.405000000;1300;9595809414;S
20240214;100001;58.400000000;1000;9595809415;S
20240214;100001;58.400000000;10000;9595809416;S
20240214;100001;58.400000000;1300;9595809417;S
20240214;100003;58.395000000;100;9595811382;B
20240214;100005;58.400000000;1500;9595813639;B
20240214;100005;58.390000000;100;9595813675;S
20240214;100005;58.385000000;100;9595813676;S
20240214;100006;58.400000000;800;9595814876;B
20240214;100006;58.400000000;100;9595814878;B
20240214;100006;58.370000000;700;9595815571;S
20240214;100006;58.365000000;100;9595815572;S
20240214;100006;58.365000000;1200;9595815573;S
20240214;100006;58.400000000;100;9595815923;B
20240214;100007;58.360000000;100;9595817155;S
20240214;100008;58.360000000;2000;9595817859;S
20240214;100008;58.360000000;200;9595818355;S
20240214;100008;58.390000000;400;9595818402;B
20240214;100008;58.360000000;1200;9595818615;S
20240214;100008;58.360000000;800;9595818616;S
20240214;100008;58.345000000;100;9595818617;S
20240214;100008;58.340000000;1600;9595818618;S
20240214;100008;58.325000000;3100;9595818619;S
20240214;100008;58.325000000;3500;9595818620;S
20240214;100008;58.325000000;1300;9595818621;S
20240214;100008;58.320000000;1300;9595818622;S
20240214;100008;58.315000000;800;9595818623;S
20240214;100008;58.315000000;1300;9595818624;S
20240214;100008;58.315000000;4200;9595818625;S
20240214;100008;58.310000000;8000;9595818626;S
20240214;100008;58.285000000;800;9595818627;S
20240214;100008;58.285000000;200;9595818628;S
20240214;100008;58.280000000;3300;9595818629;S
20240214;100008;58.280000000;3300;9595818630;S
20240214;100008;58.250000000;700;9595818631;S
20240214;100008;58.250000000;200;9595818632;S
20240214;100008;58.245000000;100;9595818633;S
20240214;100008;58.235000000;100;9595818634;S
20240214;100008;58.235000000;4500;9595818635;S
20240214;100008;58.230000000;19000;9595818636;S
20240214;100008;58.230000000;4000;9595818637;S
20240214;100008;58.225000000;10000;9595818638;S
20240214;100008;58.220000000;100;9595818639;S
20240214;100008;58.215000000;200;9595818640;S
20240214;100008;58.210000000;1000;9595818641;S
20240214;100008;58.205000000;100;9595818642;S
20240214;100008;58.200000000;1000;9595818643;S
20240214;100008;58.200000000;5000;9595818644;S
20240214;100008;58.200000000;1100;9595818645;S
20240214;100008;58.200000000;200;9595818646;S
20240214;100008;58.200000000;800;9595818647;S
20240214;100008;58.200000000;17000;9595818648;S
20240214;100008;58.190000000;300;9595818649;S
20240214;100008;58.180000000;100;9595818650;S
20240214;100008;58.180000000;1600;9595818651;S
20240214;100008;58.180000000;300;9595818652;S
20240214;100008;58.170000000;30000;9595818653;S
20240214;100008;58.165000000;1500;9595818654;S
20240214;100008;58.150000000;100;9595818655;S
20240214;100008;58.150000000;3000;9595818656;S
20240214;100008;58.150000000;1000;9595818657;S
20240214;100008;58.125000000;7000;9595818658;S
20240214;100008;58.120000000;500;9595818659;S
20240214;100008;58.120000000;200;9595818660;S
20240214;100008;58.105000000;3100;9595818661;S
20240214;100008;58.165000000;1300;9595818673;B
20240214;100008;58.195000000;1300;9595818692;B
20240214;100009;58.215000000;500;9595818732;B
20240214;100009;58.215000000;27000;9595818733;B
20240214;100009;58.215000000;100;9595818736;B
20240214;100009;58.215000000;100;9595818747;B
20240214;100009;58.215000000;100;9595818750;B
20240214;100009;58.215000000;2200;9595818755;B
20240214;100009;58.215000000;100;9595819254;S
20240214;100009;58.215000000;400;9595819255;S
20240214;100009;58.215000000;300;9595819256;S
20240214;100009;58.215000000;300;9595819292;S
20240214;100009;58.230000000;800;9595819369;S
20240214;100009;58.250000000;200;9595819460;B
20240214;100009;58.260000000;600;9595819461;B
20240214;100010;58.270000000;100;9595819621;B
20240214;100010;58.280000000;200;9595819622;B
20240214;100010;58.245000000;800;9595819673;S
20240214;100010;58.285000000;800;9595819719;B
20240214;100010;58.245000000;100;9595819792;S
20240214;100010;58.290000000;400;9595819866;B
20240214;100010;58.290000000;100;9595819869;B
20240214;100010;58.290000000;300;9595820032;B
20240214;100010;58.290000000;100;9595820040;B
20240214;100010;58.290000000;200;9595820249;B
20240214;100010;58.245000000;1200;9595820259;S
20240214;100010;58.240000000;200;9595820260;S
20240214;100010;58.280000000;100;9595820550;B
20240214;100010;58.285000000;200;9595820562;B
20240214;100011;58.260000000;100;9595820577;S
20240214;100011;58.285000000;400;9595820714;B
20240214;100011;58.260000000;100;9595820726;S
20240214;100011;58.290000000;200;9595820822;B
20240214;100011;58.225000000;100;9595820880;S
20240214;100011;58.275000000;100;9595820925;B
20240214;100011;58.285000000;4300;9595820926;B
20240214;100011;58.290000000;100;9595820927;B
20240214;100011;58.290000000;30000;9595820928;B
20240214;100011;58.300000000;200;9595820929;B
20240214;100011;58.315000000;4200;9595820930;B
20240214;100011;58.325000000;1300;9595820931;B
20240214;100011;58.330000000;1300;9595820932;B
20240214;100011;58.335000000;1300;9595820933;B
20240214;100011;58.365000000;200;9595820934;B
20240214;100011;58.385000000;7000;9595820935;B
20240214;100011;58.250000000;1300;9595820936;B
20240214;100011;58.250000000;700;9595820937;B
20240214;100011;58.250000000;700;9595820938;B
20240214;100011;58.250000000;1300;9595820943;B
20240214;100011;58.340000000;100;9595821162;B
20240214;100011;58.295000000;900;9595821213;S
20240214;100011;58.345000000;1200;9595821241;B
20240214;100011;58.290000000;3300;9595821279;S
20240214;100012;58.270000000;200;9595821436;S
20240214;100012;58.330000000;300;9595821451;B
20240214;100012;58.280000000;500;9595821620;S
20240214;100012;58.295000000;3500;9595821753;S
20240214;100012;58.295000000;1300;9595821754;S
20240214;100012;58.290000000;1300;9595821755;S
20240214;100012;58.285000000;3600;9595821756;S
20240214;100012;58.285000000;1300;9595821757;S
20240214;100012;58.255000000;200;9595821758;S
20240214;100012;58.235000000;1800;9595821759;S
20240214;100012;58.305000000;3000;9595821813;B
20240214;100012;58.310000000;3000;9595821814;B
20240214;100014;58.345000000;1300;9595822352;B
20240214;100014;58.345000000;700;9595822353;B
20240214;100014;58.300000000;200;9595822513;S
20240214;100014;58.290000000;200;9595822514;S
20240214;100015;58.290000000;700;9595822796;S
20240214;100016;58.290000000;100;9595823455;S
20240214;100019;58.290000000;200;9595824768;S
20240214;100019;58.285000000;1500;9595824769;S
20240214;100021;58.340000000;200;9595825823;B
20240214;100021;58.345000000;1300;9595825824;B
20240214;100021;58.345000000;100;9595825825;B
20240214;100021;58.345000000;400;9595825826;B
20240214;100022;58.295000000;200;9595826182;S
20240214;100022;58.290000000;3500;9595826183;S
20240214;100022;58.290000000;1300;9595826184;S
20240214;100025;58.355000000;1300;9595827454;B
20240214;100025;58.360000000;4200;9595827455;B
20240214;100025;58.370000000;1300;9595827456;B
20240214;100025;58.375000000;1300;9595827457;B
20240214;100025;58.380000000;1300;9595827458;B
20240214;100025;58.385000000;600;9595827459;B
20240214;100026;58.335000000;3500;9595827718;S
20240214;100026;58.335000000;1300;9595827719;S
20240214;100026;58.330000000;1300;9595827720;S
20240214;100026;58.325000000;900;9595827721;S
20240214;100030;58.325000000;100;9595829098;S
20240214;100030;58.320000000;2600;9595829099;S
20240214;100033;58.365000000;2600;9595830072;B
20240214;100033;58.365000000;3500;9595830073;B
20240214;100033;58.365000000;1300;9595830074;B
20240214;100033;58.370000000;1300;9595830075;B
20240214;100033;58.375000000;1300;9595830076;B
20240214;100033;58.375000000;4200;9595830077;B
20240214;100033;58.390000000;1300;9595830078;B
20240214;100033;58.395000000;24000;9595830079;B
20240214;100033;58.395000000;200;9595830080;B
20240214;100033;58.395000000;9400;9595830081;B
20240214;100033;58.400000000;17500;9595830082;B
20240214;100033;58.400000000;100;9595830083;B
20240214;100033;58.410000000;100;9595830084;B
20240214;100034;58.415000000;200;9595830091;B
20240214;100036;58.425000000;100;9595831311;B
20240214;100036;58.425000000;200;9595831312;B
20240214;100036;58.425000000;100;9595831313;B
20240214;100036;58.425000000;200;9595831314;B
20240214;100036;58.430000000;400;9595831315;B
20240214;100036;58.420000000;100;9595831379;S
20240214;100036;58.420000000;100;9595831381;S
20240214;100036;58.420000000;500;9595831382;S
20240214;100036;58.430000000;200;9595831405;B
20240214;100036;58.430000000;400;9595831420;B
20240214;100036;58.430000000;600;9595831421;B
20240214;100036;58.420000000;600;9595831448;S
20240214;100036;58.420000000;100;9595831449;S
20240214;100036;58.420000000;1900;9595831493;S
20240214;100036;58.420000000;4200;9595831494;S
20240214;100036;58.420000000;900;9595831495;S
20240214;100036;58.420000000;100;9595831503;S
20240214;100036;58.420000000;100;9595831504;S
20240214;100037;58.425000000;1000;9595831527;S
20240214;100037;58.425000000;1300;9595831528;S
20240214;100037;58.425000000;1200;9595831529;S
20240214;100037;58.430000000;1000;9595831574;B
20240214;100037;58.430000000;600;9595831578;B
20240214;100037;58.430000000;100;9595831600;B
20240214;100037;58.430000000;100;9595831615;B
20240214;100037;58.430000000;3000;9595831616;B
20240214;100037;58.430000000;1600;9595831649;B
20240214;100037;58.430000000;100;9595831650;B
20240214;100037;58.430000000;1000;9595831651;B
20240214;100037;58.430000000;1300;9595831652;B
20240214;100037;58.430000000;100;9595831653;B
20240214;100037;58.430000000;100;9595831654;B
20240214;100037;58.430000000;800;9595831655;B
20240214;100037;58.425000000;400;9595831663;S
20240214;100037;58.430000000;900;9595831717;B
20240214;100037;58.430000000;100;9595831718;B
20240214;100037;58.430000000;200;9595831823;B
20240214;100037;58.430000000;400;9595831824;B
20240214;100037;58.430000000;100;9595831825;B
20240214;100037;58.430000000;800;9595831826;B
20240214;100038;58.430000000;100;9595831914;B
20240214;100038;58.430000000;1000;9595831915;B
20240214;100038;58.430000000;800;9595831916;B
20240214;100038;58.430000000;400;9595831917;B
20240214;100038;58.430000000;400;9595831918;B
20240214;100038;58.430000000;100;9595831919;B
20240214;100038;58.430000000;300;9595831920;B
20240214;100038;58.430000000;100;9595831921;B
20240214;100038;58.430000000;200;9595831922;B
20240214;100038;58.430000000;500;9595831923;B
20240214;100038;58.430000000;100;9595831924;B
20240214;100038;58.430000000;1000;9595831925;B
20240214;100038;58.430000000;100;9595831926;B
20240214;100038;58.435000000;100;9595831927;B
20240214;100038;58.440000000;200;9595831928;B
20240214;100038;58.440000000;100;9595831929;B
20240214;100038;58.440000000;1000;9595831963;S
20240214;100038;58.440000000;1300;9595831998;S
20240214;100038;58.440000000;500;9595832001;S
20240214;100038;58.445000000;100;9595832002;B
20240214;100038;58.445000000;100;9595832003;B
20240214;100038;58.440000000;300;9595832024;S
20240214;100038;58.440000000;100;9595832136;S
20240214;100038;58.445000000;1500;9595832161;B
20240214;100038;58.445000000;2200;9595832162;B
20240214;100038;58.450000000;200;9595832163;B
20240214;100038;58.450000000;200;9595832164;B
20240214;100038;58.450000000;100;9595832165;B
20240214;100038;58.455000000;100;9595832166;B
20240214;100038;58.455000000;600;9595832167;B
20240214;100038;58.460000000;200;9595832168;B
20240214;100038;58.460000000;400;9595832169;B
20240214;100039;58.450000000;200;9595832200;B
20240214;100039;58.440000000;400;9595832210;S
20240214;100039;58.440000000;2600;9595832211;S
20240214;100039;58.440000000;200;9595832215;S
20240214;100039;58.440000000;600;9595832220;S
20240214;100039;58.440000000;100;9595832240;S
20240214;100039;58.440000000;300;9595832247;S
20240214;100039;58.435000000;100;9595832286;S
20240214;100039;58.435000000;200;9595832370;S
20240214;100039;58.435000000;200;9595832388;S
20240214;100039;58.435000000;1500;9595832411;S
20240214;100039;58.435000000;1300;9595832412;S
20240214;100039;58.430000000;1300;9595832413;S
20240214;100039;58.430000000;1000;9595832414;S
20240214;100039;58.425000000;100;9595832426;S
20240214;100039;58.425000000;1200;9595832427;S
20240214;100040;58.430000000;100;9595832558;B
20240214;100040;58.430000000;100;9595832672;B
20240214;100040;58.425000000;100;9595832711;S
20240214;100040;58.420000000;1300;9595832712;S
20240214;100040;58.415000000;1000;9595832713;S
20240214;100040;58.415000000;1300;9595832714;S
20240214;100040;58.415000000;4200;9595832715;S
20240214;100040;58.410000000;1300;9595832716;S
20240214;100040;58.405000000;1000;9595832717;S
20240214;100040;58.405000000;9000;9595832718;S
20240214;100040;58.405000000;800;9595832719;S
20240214;100040;58.400000000;71400;9595832720;S
20240214;100041;58.405000000;700;9595832940;S
20240214;100044;58.405000000;2000;9595833895;S
20240214;100044;58.400000000;1000;9595833896;S
20240214;100044;58.405000000;100;9595833987;S
20240214;100045;58.405000000;100;9595834107;S
20240214;100045;58.405000000;100;9595834112;S
20240214;100045;58.405000000;500;9595834113;S
20240214;100045;58.405000000;100;9595834115;S
20240214;100045;58.405000000;200;9595834116;S
20240214;100045;58.405000000;100;9595834118;S
20240214;100045;58.405000000;100;9595834120;S
20240214;100045;58.405000000;100;9595834122;S
20240214;100045;58.405000000;100;9595834123;S
20240214;100045;58.425000000;1400;9595834126;B
20240214;100045;58.405000000;100;9595834129;S
20240214;100045;58.405000000;100;9595834131;S
20240214;100045;58.405000000;100;9595834132;S
20240214;100045;58.405000000;100;9595834133;S
20240214;100045;58.405000000;100;9595834135;S
20240214;100045;58.405000000;100;9595834137;S
20240214;100045;58.405000000;100;9595834140;S
20240214;100045;58.405000000;100;9595834141;S
20240214;100045;58.405000000;100;9595834142;S
20240214;100045;58.405000000;1200;9595834143;S
20240214;100045;58.405000000;100;9595834162;S
20240214;100045;58.405000000;100;9595834165;S
20240214;100045;58.405000000;200;9595834169;S
20240214;100045;58.405000000;200;9595834170;S
20240214;100045;58.405000000;100;9595834173;S
20240214;100045;58.405000000;100;9595834174;S
20240214;100045;58.405000000;100;9595834187;S
20240214;100045;58.425000000;400;9595834189;B
20240214;100045;58.405000000;100;9595834191;S
20240214;100045;58.405000000;300;9595834192;S
20240214;100045;58.405000000;100;9595834195;S
20240214;100045;58.405000000;100;9595834198;S
20240214;100045;58.405000000;100;9595834203;S
20240214;100045;58.405000000;100;9595834204;S
20240214;100045;58.405000000;100;9595834205;S
20240214;100045;58.405000000;100;9595834215;S
20240214;100045;58.405000000;200;9595834217;S
20240214;100045;58.405000000;100;9595834218;S
20240214;100045;58.405000000;100;9595834222;S
20240214;100045;58.405000000;100;9595834224;S
20240214;100045;58.405000000;100;9595834226;S
20240214;100045;58.405000000;500;9595834227;S
20240214;100045;58.405000000;100;9595834228;S
20240214;100045;58.405000000;100;9595834232;S
20240214;100045;58.405000000;500;9595834233;S
20240214;100045;58.405000000;100;9595834234;S
20240214;100045;58.425000000;200;9595834235;B
20240214;100045;58.405000000;300;9595834237;S
20240214;100045;58.405000000;300;9595834238;S
20240214;100045;58.405000000;100;9595834239;S
20240214;100045;58.405000000;100;9595834254;S
20240214;100045;58.405000000;100;9595834255;S
20240214;100045;58.405000000;300;9595834256;S
20240214;100045;58.405000000;100;9595834257;S
20240214;100045;58.405000000;100;9595834258;S
20240214;100045;58.405000000;100;9595834259;S
20240214;100045;58.425000000;100;9595834260;B
20240214;100045;58.405000000;300;9595834261;S
20240214;100045;58.405000000;100;9595834269;S
20240214;100045;58.405000000;200;9595834270;S
20240214;100045;58.405000000;100;9595834283;S
20240214;100045;58.405000000;100;9595834284;S
20240214;100045;58.405000000;100;9595834285;S
20240214;100045;58.405000000;100;9595834286;S
20240214;100045;58.405000000;100;9595834287;S
20240214;100045;58.405000000;100;9595834290;S
20240214;100045;58.405000000;100;9595834293;S
20240214;100045;58.405000000;100;9595834294;S
20240214;100045;58.405000000;300;9595834295;S
20240214;100045;58.405000000;100;9595834296;S
20240214;100045;58.405000000;600;9595834297;S
20240214;100045;58.405000000;200;9595834298;S
20240214;100045;58.405000000;100;9595834300;S
20240214;100045;58.405000000;200;9595834307;S
20240214;100045;58.405000000;100;9595834308;S
20240214;100045;58.405000000;100;9595834311;S
20240214;100045;58.405000000;400;9595834313;S
20240214;100045;58.405000000;200;9595834314;S
20240214;100045;58.405000000;300;9595834315;S
20240214;100045;58.405000000;100;9595834317;S
20240214;100045;58.405000000;300;9595834319;S
20240214;100045;58.405000000;200;9595834325;S
20240214;100045;58.405000000;100;9595834326;S
20240214;100045;58.405000000;100;9595834327;S
20240214;100045;58.405000000;100;9595834328;S
20240214;100045;58.405000000;500;9595834329;S
20240214;100045;58.405000000;100;9595834330;S
20240214;100045;58.405000000;100;9595834331;S
20240214;100045;58.405000000;300;9595834332;S
20240214;100045;58.405000000;100;9595834333;S
20240214;100045;58.405000000;100;9595834334;S
20240214;100045;58.405000000;100;9595834335;S
20240214;100045;58.405000000;100;9595834337;S
20240214;100045;58.405000000;300;9595834340;S
20240214;100045;58.405000000;200;9595834363;S
20240214;100045;58.400000000;800;9595834364;S
20240214;100045;58.405000000;100;9595834369;S
20240214;100045;58.405000000;300;9595834380;S
20240214;100045;58.405000000;100;9595834381;S
20240214;100045;58.405000000;100;9595834382;S
20240214;100045;58.405000000;100;9595834383;S
20240214;100045;58.405000000;100;9595834384;S
20240214;100045;58.405000000;100;9595834387;S
20240214;100045;58.405000000;100;9595834388;S
20240214;100045;58.405000000;100;9595834389;S
20240214;100045;58.405000000;300;9595834390;S
20240214;100045;58.405000000;300;9595834391;S
20240214;100045;58.405000000;200;9595834392;S
20240214;100045;58.405000000;100;9595834393;S
20240214;100045;58.400000000;800;9595834394;S
20240214;100045;58.405000000;100;9595834397;S
20240214;100045;58.405000000;200;9595834398;S
20240214;100045;58.405000000;100;9595834399;S
20240214;100045;58.405000000;100;9595834401;S
20240214;100045;58.405000000;100;9595834403;S
20240214;100045;58.405000000;400;9595834405;S
20240214;100045;58.405000000;100;9595834406;S
20240214;100045;58.405000000;200;9595834416;S
20240214;100045;58.405000000;200;9595834417;S
20240214;100045;58.425000000;100;9595834419;B
20240214;100045;58.405000000;100;9595834420;S
20240214;100045;58.405000000;100;9595834422;S
20240214;100045;58.405000000;200;9595834424;S
20240214;100045;58.405000000;100;9595834428;S
20240214;100045;58.400000000;200;9595834429;S
20240214;100045;58.405000000;100;9595834430;S
20240214;100045;58.425000000;100;9595834431;B
20240214;100045;58.405000000;200;9595834434;S
20240214;100045;58.405000000;100;9595834435;S
20240214;100045;58.405000000;100;9595834436;S
20240214;100045;58.405000000;100;9595834437;S
20240214;100045;58.405000000;100;9595834438;S
20240214;100045;58.405000000;100;9595834439;S
20240214;100045;58.405000000;500;9595834440;S
20240214;100046;58.405000000;300;9595834443;S
20240214;100046;58.405000000;100;9595834446;S
20240214;100046;58.405000000;100;9595834447;S
20240214;100046;58.405000000;200;9595834448;S
20240214;100046;58.400000000;200;9595834449;S
20240214;100046;58.405000000;100;9595834450;S
20240214;100046;58.405000000;100;9595834453;S
20240214;100046;58.405000000;300;9595834457;S
20240214;100046;58.405000000;100;9595834458;S
20240214;100046;58.405000000;100;9595834463;S
20240214;100046;58.405000000;100;9595834464;S
20240214;100046;58.425000000;1400;9595834466;B
20240214;100046;58.405000000;100;9595834467;S
20240214;100046;58.405000000;200;9595834471;S
20240214;100046;58.405000000;700;9595834478;S
20240214;100046;58.405000000;200;9595834479;S
20240214;100046;58.400000000;100;9595834480;S
20240214;100046;58.405000000;2000;9595834484;S
20240214;100046;58.400000000;1000;9595834485;S
20240214;100046;58.400000000;100;9595834492;S
20240214;100046;58.400000000;100;9595834493;S
20240214;100046;58.400000000;100;9595834494;S
20240214;100046;58.425000000;400;9595834503;B
20240214;100046;58.400000000;100;9595834504;S
20240214;100046;58.400000000;200;9595834505;S
20240214;100046;58.400000000;100;9595834506;S
20240214;100046;58.400000000;100;9595834508;S
20240214;100046;58.400000000;100;9595834509;S
20240214;100046;58.400000000;1100;9595834516;S
20240214;100046;58.400000000;100;9595834518;S
20240214;100046;58.400000000;100;9595834557;S
20240214;100046;58.400000000;100;9595834563;S
20240214;100046;58.400000000;100;9595834568;S
20240214;100046;58.400000000;400;9595834569;S
20240214;100046;58.400000000;700;9595834572;S
20240214;100046;58.400000000;100;9595834575;S
20240214;100046;58.400000000;200;9595834580;S
20240214;100046;58.400000000;100;9595834581;S
20240214;100046;58.400000000;900;9595834583;S
20240214;100046;58.400000000;200;9595834584;S
20240214;100046;58.400000000;200;9595834586;S
20240214;100046;58.400000000;500;9595834587;S
20240214;100046;58.400000000;100;9595834591;S
20240214;100046;58.425000000;400;9595834592;B
20240214;100046;58.425000000;400;9595834598;B
20240214;100046;58.400000000;100;9595834600;S
20240214;100046;58.400000000;100;9595834601;S
20240214;100046;58.425000000;100;9595834602;B
20240214;100046;58.400000000;100;9595834603;S
20240214;100046;58.400000000;500;9595834604;S
20240214;100046;58.400000000;100;9595834606;S
20240214;100046;58.400000000;100;9595834607;S
20240214;100046;58.400000000;100;9595834609;S
20240214;100046;58.400000000;300;9595834611;S
20240214;100046;58.425000000;100;9595834614;B
20240214;100046;58.400000000;100;9595834615;S
20240214;100046;58.400000000;200;9595834616;S
20240214;100046;58.400000000;100;9595834617;S
20240214;100046;58.425000000;1200;9595834622;B
20240214;100046;58.400000000;200;9595834623;S
20240214;100046;58.400000000;100;9595834624;S
20240214;100046;58.400000000;100;9595834626;S
20240214;100046;58.400000000;100;9595834630;S
20240214;100046;58.400000000;100;9595834631;S
20240214;100046;58.400000000;1100;9595834634;S
20240214;100046;58.400000000;100;9595834635;S
20240214;100046;58.425000000;800;9595834636;B
20240214;100046;58.400000000;400;9595834637;S
20240214;100046;58.400000000;800;9595834638;S
20240214;100046;58.400000000;300;9595834641;S
20240214;100046;58.400000000;100;9595834642;S
20240214;100046;58.400000000;400;9595834644;S
20240214;100046;58.400000000;100;9595834645;S
20240214;100046;58.400000000;100;9595834646;S
20240214;100046;58.400000000;100;9595834647;S
20240214;100046;58.400000000;200;9595834648;S
20240214;100046;58.400000000;300;9595834649;S
20240214;100046;58.400000000;100;9595834653;S
20240214;100046;58.400000000;100;9595834654;S
20240214;100046;58.400000000;100;9595834656;S
20240214;100046;58.400000000;200;9595834657;S
20240214;100046;58.400000000;100;9595834659;S
20240214;100046;58.400000000;400;9595834660;S
20240214;100046;58.400000000;100;9595834661;S
20240214;100046;58.400000000;200;9595834662;S
20240214;100046;58.400000000;100;9595834663;S
20240214;100046;58.400000000;1900;9595834664;S
20240214;100046;58.400000000;100;9595834665;S
20240214;100046;58.400000000;400;9595834666;S
20240214;100046;58.400000000;500;9595834667;S
20240214;100046;58.400000000;200;9595834668;S
20240214;100046;58.400000000;1500;9595834669;S
20240214;100046;58.400000000;300;9595834670;S
20240214;100046;58.400000000;100;9595834671;S
20240214;100046;58.400000000;100;9595834672;S
20240214;100046;58.400000000;200;9595834673;S
20240214;100046;58.400000000;300;9595834678;S
20240214;100046;58.400000000;100;9595834679;S
20240214;100046;58.400000000;100;9595834680;S
20240214;100046;58.425000000;300;9595834681;B
20240214;100046;58.400000000;800;9595834682;S
20240214;100046;58.400000000;100;9595834683;S
20240214;100046;58.400000000;100;9595834684;S
20240214;100046;58.400000000;100;9595834685;S
20240214;100046;58.400000000;1200;9595834686;S
20240214;100046;58.400000000;100;9595834687;S
20240214;100046;58.400000000;100;9595834688;S
20240214;100046;58.400000000;100;9595834689;S
20240214;100046;58.400000000;100;9595834690;S
20240214;100046;58.400000000;100;9595834691;S
20240214;100046;58.400000000;200;9595834692;S
20240214;100046;58.400000000;300;9595834693;S
20240214;100046;58.400000000;200;9595834694;S
20240214;100046;58.425000000;500;9595834695;B
20240214;100046;58.400000000;100;9595834696;S
20240214;100046;58.400000000;100;9595834697;S
20240214;100046;58.400000000;100;9595834698;S
20240214;100046;58.400000000;100;9595834699;S
20240214;100046;58.400000000;700;9595834700;S
20240214;100046;58.400000000;100;9595834708;S
20240214;100046;58.400000000;300;9595834709;S
20240214;100046;58.400000000;200;9595834710;S
20240214;100046;58.400000000;300;9595834711;S
20240214;100046;58.400000000;100;9595834712;S
20240214;100046;58.400000000;100;9595834713;S
20240214;100046;58.400000000;200;9595834715;S
20240214;100046;58.400000000;100;9595834716;S
20240214;100046;58.400000000;100;9595834717;S
20240214;100046;58.400000000;100;9595834718;S
20240214;100046;58.400000000;100;9595834719;S
20240214;100046;58.400000000;100;9595834723;S
20240214;100046;58.400000000;400;9595834724;S
20240214;100046;58.400000000;200;9595834725;S
20240214;100046;58.400000000;200;9595834726;S
20240214;100046;58.425000000;100;9595834730;B
20240214;100046;58.400000000;100;9595834731;S
20240214;100046;58.400000000;100;9595834733;S
20240214;100046;58.400000000;100;9595834734;S
20240214;100046;58.400000000;200;9595834735;S
20240214;100046;58.400000000;100;9595834736;S
20240214;100046;58.400000000;100;9595834737;S
20240214;100046;58.400000000;100;9595834738;S
20240214;100046;58.400000000;200;9595834740;S
20240214;100046;58.400000000;200;9595834741;S
20240214;100046;58.400000000;400;9595834742;S
20240214;100046;58.425000000;100;9595834745;B
20240214;100046;58.400000000;500;9595834746;S
20240214;100046;58.400000000;200;9595834747;S
20240214;100046;58.400000000;100;9595834750;S
20240214;100046;58.400000000;200;9595834751;S
20240214;100046;58.400000000;500;9595834752;S
20240214;100047;58.400000000;400;9595835112;S
20240214;100047;58.400000000;100;9595835115;S
20240214;100047;58.400000000;100;9595835117;S
20240214;100047;58.400000000;1300;9595835120;S
20240214;100047;58.400000000;100;9595835122;S
20240214;100047;58.400000000;100;9595835124;S
20240214;100047;58.400000000;500;9595835125;S
20240214;100047;58.400000000;100;9595835126;S
20240214;100047;58.400000000;100;9595835127;S
20240214;100047;58.400000000;100;9595835131;S
20240214;100047;58.400000000;1400;9595835132;S
20240214;100047;58.400000000;100;9595835133;S
20240214;100047;58.400000000;100;9595835137;S
20240214;100047;58.400000000;100;9595835138;S
20240214;100047;58.400000000;100;9595835141;S
20240214;100047;58.400000000;100;9595835142;S
20240214;100047;58.400000000;100;9595835144;S
20240214;100047;58.400000000;300;9595835170;S
20240214;100047;58.400000000;200;9595835171;S
20240214;100047;58.400000000;100;9595835172;S
20240214;100047;58.400000000;900;9595835173;S
20240214;100047;58.400000000;200;9595835177;S
20240214;100047;58.400000000;300;9595835178;S
20240214;100047;58.400000000;100;9595835180;S
20240214;100047;58.400000000;400;9595835181;S
20240214;100047;58.400000000;400;9595835182;S
20240214;100047;58.400000000;900;9595835183;S
20240214;100047;58.400000000;200;9595835184;S
20240214;100047;58.400000000;100;9595835185;S
20240214;100047;58.400000000;100;9595835187;S
20240214;100047;58.400000000;500;9595835204;S
20240214;100047;58.400000000;100;9595835205;S
20240214;100047;58.400000000;400;9595835206;S
20240214;100047;58.400000000;100;9595835207;S
20240214;100047;58.400000000;100;9595835208;S
20240214;100047;58.400000000;100;9595835209;S
20240214;100047;58.400000000;100;9595835210;S
20240214;100047;58.400000000;100;9595835211;S
20240214;100047;58.400000000;100;9595835216;S
20240214;100047;58.400000000;100;9595835218;S
20240214;100047;58.400000000;200;9595835219;S
20240214;100047;58.400000000;100;9595835220;S
20240214;100047;58.400000000;200;9595835222;S
20240214;100047;58.400000000;300;9595835223;S
20240214;100048;58.400000000;1600;9595835224;S
20240214;100048;58.400000000;100;9595835225;S
20240214;100048;58.400000000;100;9595835227;S
20240214;100048;58.400000000;500;9595835229;S
20240214;100048;58.400000000;100;9595835230;S
20240214;100048;58.400000000;100;9595835231;S
20240214;100048;58.400000000;100;9595835233;S
20240214;100048;58.400000000;500;9595835235;S
20240214;100048;58.400000000;100;9595835236;S
20240214;100048;58.400000000;100;9595835237;S
20240214;100048;58.400000000;100;9595835238;S
20240214;100048;58.400000000;300;9595835246;S
20240214;100048;58.400000000;500;9595835247;S
20240214;100048;58.400000000;100;9595835248;S
20240214;100048;58.400000000;700;9595835249;S
20240214;100048;58.400000000;100;9595835250;S
20240214;100048;58.400000000;100;9595835251;S
20240214;100048;58.400000000;700;9595835252;S
20240214;100048;58.400000000;300;9595835253;S
20240214;100048;58.400000000;100;9595835254;S
20240214;100048;58.400000000;600;9595835255;S
20240214;100048;58.400000000;300;9595835257;S
20240214;100048;58.400000000;200;9595835258;S
20240214;100048;58.400000000;100;9595835259;S
20240214;100048;58.400000000;900;9595835260;S
20240214;100048;58.400000000;100;9595835262;S
20240214;100048;58.400000000;1100;9595835263;S
20240214;100048;58.400000000;400;9595835265;S
20240214;100048;58.400000000;100;9595835266;S
20240214;100048;58.400000000;100;9595835272;S
20240214;100048;58.400000000;100;9595835284;S
20240214;100048;58.400000000;500;9595835285;S
20240214;100048;58.400000000;100;9595835286;S
20240214;100048;58.400000000;100;9595835287;S
20240214;100048;58.400000000;200;9595835288;S
20240214;100048;58.400000000;300;9595835289;S
20240214;100048;58.400000000;100;9595835290;S
20240214;100048;58.400000000;100;9595835291;S
20240214;100048;58.400000000;100;9595835292;S
20240214;100048;58.400000000;100;9595835296;S
20240214;100048;58.400000000;100;9595835297;S
20240214;100048;58.400000000;200;9595835298;S
20240214;100048;58.400000000;200;9595835301;S
20240214;100048;58.400000000;100;9595835303;S
20240214;100048;58.400000000;100;9595835304;S
20240214;100048;58.400000000;100;9595835305;S
20240214;100048;58.400000000;100;9595835306;S
20240214;100048;58.400000000;200;9595835308;S
20240214;100048;58.400000000;300;9595835310;S
20240214;100048;58.400000000;100;9595835311;S
20240214;100048;58.400000000;100;9595835313;S
20240214;100048;58.400000000;500;9595835315;S
20240214;100048;58.400000000;100;9595835316;S
20240214;100048;58.400000000;100;9595835317;S
20240214;100048;58.400000000;100;9595835318;S
20240214;100048;58.400000000;400;9595835319;S
20240214;100048;58.400000000;100;9595835321;S
20240214;100048;58.400000000;1400;9595835322;S
20240214;100048;58.400000000;500;9595835323;S
20240214;100048;58.400000000;500;9595835327;S
20240214;100048;58.400000000;300;9595835328;S
20240214;100048;58.400000000;700;9595835329;S
20240214;100048;58.400000000;200;9595835330;S
20240214;100048;58.400000000;500;9595835331;S
20240214;100048;58.400000000;100;9595835332;S
20240214;100048;58.400000000;600;9595835333;S
20240214;100048;58.400000000;200;9595835335;S
20240214;100048;58.400000000;100;9595835336;S
20240214;100048;58.400000000;100;9595835337;S
20240214;100048;58.400000000;100;9595835338;S
20240214;100048;58.400000000;100;9595835339;S
20240214;100048;58.400000000;100;9595835340;S
20240214;100048;58.400000000;100;9595835341;S
20240214;100048;58.400000000;100;9595835347;S
20240214;100048;58.400000000;100;9595835348;S
20240214;100048;58.400000000;100;9595835351;S
20240214;100048;58.400000000;300;9595835352;S
20240214;100048;58.400000000;200;9595835353;S
20240214;100048;58.400000000;200;9595835354;S
20240214;100048;58.400000000;100;9595835355;S
20240214;100048;58.400000000;100;9595835356;S
20240214;100048;58.400000000;200;9595835357;S
20240214;100048;58.405000000;300;9595835375;S
20240214;100048;58.405000000;200;9595835381;S
20240214;100048;58.405000000;100;9595835382;S
20240214;100048;58.405000000;100;9595835383;S
20240214;100048;58.405000000;300;9595835384;S
20240214;100048;58.405000000;100;9595835385;S
20240214;100048;58.405000000;700;9595835386;S
20240214;100048;58.405000000;100;9595835387;S
20240214;100048;58.405000000;100;9595835389;S
20240214;100048;58.405000000;2100;9595835390;S
20240214;100048;58.405000000;100;9595835391;S
20240214;100048;58.405000000;100;9595835392;S
20240214;100048;58.405000000;100;9595835393;S
20240214;100048;58.405000000;100;9595835394;S
20240214;100048;58.400000000;100;9595835395;S
20240214;100048;58.400000000;300;9595835396;S
20240214;100048;58.400000000;100;9595835397;S
20240214;100048;58.400000000;100;9595835398;S
20240214;100048;58.400000000;100;9595835400;S
20240214;100048;58.400000000;100;9595835401;S
20240214;100048;58.400000000;100;9595835402;S
20240214;100048;58.400000000;800;9595835403;S
20240214;100048;58.400000000;100;9595835404;S
20240214;100048;58.400000000;200;9595835405;S
20240214;100048;58.400000000;100;9595835407;S
20240214;100048;58.400000000;100;9595835408;S
20240214;100048;58.400000000;300;9595835409;S
20240214;100048;58.400000000;400;9595835410;S
20240214;100048;58.400000000;800;9595835411;S
20240214;100048;58.400000000;100;9595835412;S
20240214;100048;58.400000000;100;9595835413;S
20240214;100048;58.400000000;300;9595835414;S
20240214;100048;58.400000000;200;9595835416;S
20240214;100048;58.400000000;100;9595835417;S
20240214;100048;58.400000000;100;9595835418;S
20240214;100048;58.400000000;500;9595835420;S
20240214;100048;58.400000000;100;9595835421;S
20240214;100048;58.400000000;100;9595835422;S
20240214;100048;58.400000000;300;9595835423;S
20240214;100048;58.400000000;100;9595835424;S
20240214;100048;58.400000000;200;9595835425;S
20240214;100048;58.400000000;100;9595835426;S
20240214;100048;58.400000000;100;9595835427;S
20240214;100048;58.400000000;100;9595835428;S
20240214;100048;58.400000000;200;9595835429;S
20240214;100048;58.400000000;100;9595835430;S
20240214;100048;58.400000000;100;9595835431;S
20240214;100048;58.400000000;100;9595835432;S
20240214;100048;58.400000000;200;9595835433;S
20240214;100048;58.400000000;200;9595835434;S
20240214;100048;58.400000000;100;9595835435;S
20240214;100048;58.400000000;100;9595835436;S
20240214;100048;58.400000000;200;9595835437;S
20240214;100048;58.400000000;300;9595835438;S
20240214;100048;58.400000000;100;9595835439;S
20240214;100048;58.400000000;200;9595835440;S
20240214;100048;58.400000000;100;9595835441;S
20240214;100048;58.425000000;200;9595835458;B
20240214;100048;58.400000000;100;9595835460;S
20240214;100048;58.400000000;800;9595835461;S
20240214;100048;58.400000000;100;9595835462;S
20240214;100048;58.400000000;200;9595835464;S
20240214;100048;58.400000000;100;9595835465;S
20240214;100048;58.400000000;100;9595835470;S
20240214;100048;58.400000000;300;9595835471;S
20240214;100048;58.400000000;100;9595835473;S
20240214;100048;58.400000000;100;9595835474;S
20240214;100048;58.400000000;100;9595835476;S
20240214;100048;58.400000000;100;9595835477;S
20240214;100048;58.400000000;100;9595835478;S
20240214;100048;58.400000000;100;9595835479;S
20240214;100048;58.400000000;100;9595835480;S
20240214;100048;58.400000000;100;9595835481;S
20240214;100048;58.400000000;100;9595835482;S
20240214;100048;58.400000000;300;9595835483;S
20240214;100048;58.400000000;100;9595835484;S
20240214;100048;58.400000000;100;9595835485;S
20240214;100048;58.400000000;100;9595835486;S
20240214;100048;58.400000000;100;9595835487;S
20240214;100048;58.400000000;100;9595835488;S
20240214;100048;58.400000000;100;9595835489;S
20240214;100048;58.400000000;100;9595835490;S
20240214;100048;58.400000000;100;9595835491;S
20240214;100048;58.400000000;300;9595835493;S
20240214;100048;58.400000000;300;9595835494;S
20240214;100048;58.400000000;100;9595835495;S
20240214;100048;58.400000000;100;9595835496;S
20240214;100048;58.400000000;100;9595835497;S
20240214;100048;58.400000000;300;9595835498;S
20240214;100048;58.400000000;100;9595835499;S
20240214;100048;58.400000000;200;9595835500;S
20240214;100048;58.400000000;300;9595835501;S
20240214;100048;58.400000000;100;9595835503;S
20240214;100048;58.400000000;100;9595835504;S
20240214;100048;58.400000000;300;9595835506;S
20240214;100048;58.400000000;100;9595835507;S
20240214;100048;58.400000000;800;9595835508;S
20240214;100048;58.400000000;300;9595835509;S
20240214;100048;58.425000000;400;9595835510;B
20240214;100048;58.400000000;100;9595835511;S
20240214;100048;58.400000000;100;9595835512;S
20240214;100048;58.400000000;1000;9595835513;S
20240214;100049;58.425000000;2900;9595835682;B
20240214;100049;58.430000000;2700;9595835683;B
20240214;100049;58.430000000;500;9595835684;B
20240214;100049;58.430000000;800;9595835685;B
20240214;100049;58.430000000;200;9595835686;B
20240214;100049;58.430000000;700;9595835687;B
20240214;100049;58.430000000;100;9595835688;B
20240214;100049;58.435000000;500;9595835761;B
20240214;100049;58.445000000;100;9595835762;B
20240214;100049;58.445000000;300;9595835763;B
20240214;100049;58.430000000;2200;9595835775;S
20240214;100049;58.430000000;100;9595835776;S
20240214;100049;58.430000000;100;9595835778;S
20240214;100049;58.430000000;100;9595835780;S
20240214;100049;58.430000000;200;9595835784;S
20240214;100049;58.430000000;200;9595835785;S
20240214;100049;58.430000000;100;9595835786;S
20240214;100049;58.430000000;200;9595835789;S
20240214;100049;58.430000000;100;9595835793;S
20240214;100049;58.430000000;100;9595835794;S
20240214;100049;58.430000000;100;9595835795;S
20240214;100049;58.430000000;100;9595835796;S
20240214;100049;58.445000000;300;9595835798;B
20240214;100049;58.430000000;100;9595835799;S
20240214;100049;58.430000000;700;9595835800;S
20240214;100049;58.430000000;300;9595835803;S
20240214;100049;58.430000000;300;9595835806;S
20240214;100049;58.430000000;300;9595835816;S
20240214;100049;58.430000000;600;9595835818;S
20240214;100049;58.430000000;400;9595835819;S
20240214;100049;58.430000000;600;9595835820;S
20240214;100049;58.430000000;300;9595835822;S
20240214;100049;58.430000000;100;9595835824;S
20240214;100049;58.430000000;1100;9595835825;S
20240214;100049;58.430000000;100;9595835826;S
20240214;100049;58.430000000;300;9595835828;S
20240214;100049;58.430000000;100;9595835830;S
20240214;100049;58.430000000;100;9595835832;S
20240214;100049;58.430000000;400;9595835847;S
20240214;100049;58.430000000;100;9595835848;S
20240214;100049;58.430000000;100;9595835849;S
20240214;100049;58.430000000;300;9595835853;S
20240214;100049;58.430000000;100;9595835854;S
20240214;100049;58.430000000;100;9595835856;S
20240214;100049;58.430000000;100;9595835858;S
20240214;100049;58.430000000;100;9595835859;S
20240214;100049;58.430000000;800;9595835860;S
20240214;100049;58.430000000;100;9595835866;S
20240214;100049;58.430000000;200;9595835867;S
20240214;100049;58.430000000;100;9595835868;S
20240214;100049;58.430000000;400;9595835869;S
20240214;100049;58.430000000;100;9595835870;S
20240214;100049;58.430000000;100;9595835871;S
20240214;100049;58.430000000;100;9595835874;S
20240214;100049;58.430000000;100;9595835875;S
20240214;100049;58.430000000;100;9595835878;S
20240214;100049;58.430000000;100;9595835885;S
20240214;100049;58.430000000;100;9595835887;S
20240214;100049;58.430000000;100;9595835888;S
20240214;100049;58.430000000;1000;9595835889;S
20240214;100049;58.430000000;100;9595835890;S
20240214;100049;58.430000000;100;9595835891;S
20240214;100049;58.430000000;900;9595835893;S
20240214;100049;58.430000000;100;9595835898;S
20240214;100049;58.430000000;100;9595835899;S
20240214;100049;58.430000000;400;9595835900;S
20240214;100049;58.430000000;100;9595835904;S
20240214;100049;58.430000000;100;9595835905;S
20240214;100049;58.430000000;200;9595835906;S
20240214;100049;58.430000000;600;9595835908;S
20240214;100049;58.430000000;100;9595835911;S
20240214;100049;58.430000000;100;9595835916;S
20240214;100049;58.430000000;400;9595835917;S
20240214;100049;58.430000000;100;9595835918;S
20240214;100049;58.430000000;100;9595835919;S
20240214;100049;58.430000000;700;9595835920;S
20240214;100049;58.430000000;400;9595835921;S
20240214;100049;58.430000000;400;9595835924;S
20240214;100049;58.430000000;100;9595835925;S
20240214;100049;58.430000000;100;9595835926;S
20240214;100049;58.430000000;1400;9595835927;S
20240214;100049;58.430000000;100;9595835930;S
20240214;100049;58.430000000;100;9595835931;S
20240214;100049;58.430000000;100;9595835934;S
20240214;100049;58.430000000;100;9595835936;S
20240214;100049;58.430000000;100;9595835938;S
20240214;100049;58.430000000;100;9595835941;S
20240214;100049;58.430000000;100;9595835942;S
20240214;100049;58.430000000;100;9595835944;S
20240214;100049;58.430000000;100;9595835945;S
20240214;100049;58.430000000;100;9595835946;S
20240214;100049;58.430000000;100;9595835948;S
20240214;100049;58.430000000;100;9595835949;S
20240214;100049;58.430000000;100;9595835950;S
20240214;100049;58.430000000;300;9595835951;S
20240214;100049;58.430000000;100;9595835952;S
20240214;100049;58.430000000;100;9595835953;S
20240214;100049;58.430000000;100;9595835954;S
20240214;100049;58.430000000;100;9595835955;S
20240214;100050;58.430000000;100;9595835956;S
20240214;100050;58.430000000;100;9595835957;S
20240214;100050;58.430000000;100;9595835958;S
20240214;100050;58.430000000;100;9595835960;S
20240214;100050;58.430000000;100;9595835961;S
20240214;100050;58.430000000;200;9595835962;S
20240214;100050;58.430000000;500;9595835963;S
20240214;100050;58.430000000;100;9595835964;S
20240214;100050;58.430000000;100;9595835965;S
20240214;100050;58.430000000;100;9595835966;S
20240214;100050;58.430000000;400;9595835967;S
20240214;100050;58.430000000;100;9595835970;S
20240214;100050;58.430000000;100;9595835973;S
20240214;100050;58.430000000;100;9595835974;S
20240214;100050;58.430000000;100;9595835975;S
20240214;100050;58.430000000;300;9595835977;S
20240214;100050;58.430000000;100;9595835978;S
20240214;100050;58.445000000;100;9595835979;B
20240214;100050;58.430000000;100;9595835982;S
20240214;100050;58.430000000;200;9595835984;S
20240214;100050;58.430000000;100;9595835985;S
20240214;100050;58.430000000;100;9595835987;S
20240214;100050;58.430000000;100;9595835992;S
20240214;100050;58.430000000;100;9595835995;S
20240214;100050;58.430000000;100;9595835996;S
20240214;100050;58.430000000;100;9595835997;S
20240214;100050;58.430000000;100;9595835998;S
20240214;100050;58.430000000;300;9595836021;S
20240214;100050;58.430000000;300;9595836022;S
20240214;100050;58.430000000;100;9595836023;S
20240214;100050;58.430000000;500;9595836024;S
20240214;100050;58.430000000;100;9595836025;S
20240214;100050;58.430000000;1200;9595836028;S
20240214;100050;58.430000000;100;9595836029;S
20240214;100050;58.430000000;400;9595836030;S
20240214;100050;58.430000000;100;9595836031;S
20240214;100050;58.430000000;100;9595836032;S
20240214;100050;58.430000000;100;9595836033;S
20240214;100050;58.430000000;100;9595836036;S
20240214;100050;58.430000000;300;9595836038;S
20240214;100050;58.430000000;100;9595836039;S
20240214;100050;58.430000000;100;9595836040;S
20240214;100050;58.430000000;500;9595836041;S
20240214;100050;58.430000000;100;9595836042;S
20240214;100050;58.430000000;100;9595836043;S
20240214;100050;58.430000000;100;9595836045;S
20240214;100050;58.430000000;300;9595836047;S
20240214;100050;58.430000000;200;9595836061;S
20240214;100050;58.430000000;500;9595836069;S
20240214;100050;58.430000000;100;9595836071;S
20240214;100050;58.430000000;100;9595836073;S
20240214;100050;58.430000000;100;9595836074;S
20240214;100050;58.430000000;100;9595836075;S
20240214;100050;58.430000000;100;9595836076;S
20240214;100050;58.430000000;100;9595836077;S
20240214;100050;58.430000000;100;9595836078;S
20240214;100050;58.430000000;200;9595836079;S
20240214;100050;58.430000000;200;9595836080;S
20240214;100050;58.430000000;100;9595836081;S
20240214;100050;58.430000000;100;9595836082;S
20240214;100050;58.430000000;100;9595836083;S
20240214;100050;58.430000000;100;9595836084;S
20240214;100050;58.430000000;100;9595836085;S
20240214;100050;58.430000000;1200;9595836086;S
20240214;100050;58.430000000;100;9595836087;S
20240214;100050;58.430000000;100;9595836088;S
20240214;100050;58.430000000;100;9595836089;S
20240214;100050;58.430000000;200;9595836090;S
20240214;100050;58.430000000;100;9595836091;S
20240214;100050;58.430000000;100;9595836092;S
20240214;100050;58.430000000;100;9595836093;S
20240214;100050;58.430000000;200;9595836094;S
20240214;100050;58.430000000;100;9595836095;S
20240214;100050;58.430000000;100;9595836096;S
20240214;100050;58.430000000;100;9595836097;S
20240214;100050;58.430000000;100;9595836098;S
20240214;100050;58.430000000;100;9595836099;S
20240214;100050;58.430000000;100;9595836100;S
20240214;100050;58.430000000;100;9595836101;S
20240214;100050;58.430000000;100;9595836102;S
20240214;100050;58.430000000;100;9595836103;S
20240214;100050;58.430000000;100;9595836104;S
20240214;100050;58.430000000;500;9595836105;S
20240214;100050;58.430000000;100;9595836106;S
20240214;100050;58.430000000;100;9595836107;S
20240214;100050;58.430000000;100;9595836108;S
20240214;100050;58.430000000;100;9595836109;S
20240214;100050;58.430000000;1400;9595836110;S
20240214;100050;58.430000000;100;9595836112;S
20240214;100050;58.430000000;100;9595836115;S
20240214;100050;58.430000000;100;9595836116;S
20240214;100050;58.430000000;100;9595836117;S
20240214;100050;58.430000000;100;9595836118;S
20240214;100050;58.430000000;100;9595836119;S
20240214;100050;58.430000000;300;9595836120;S
20240214;100050;58.430000000;100;9595836121;S
20240214;100050;58.430000000;100;9595836122;S
20240214;100050;58.435000000;100;9595836128;S
20240214;100050;58.430000000;2200;9595836129;S
20240214;100050;58.410000000;1000;9595836130;S
20240214;100050;58.410000000;100;9595836179;S
20240214;100050;58.410000000;100;9595836180;S
20240214;100050;58.410000000;100;9595836181;S
20240214;100050;58.405000000;100;9595836182;S
20240214;100050;58.410000000;100;9595836183;S
20240214;100050;58.410000000;100;9595836184;S
20240214;100050;58.410000000;100;9595836185;S
20240214;100050;58.410000000;100;9595836186;S
20240214;100050;58.410000000;400;9595836187;S
20240214;100050;58.410000000;100;9595836188;S
20240214;100050;58.410000000;100;9595836189;S
20240214;100050;58.410000000;200;9595836190;S
20240214;100050;58.405000000;100;9595836191;S
20240214;100050;58.405000000;100;9595836192;S
20240214;100050;58.405000000;100;9595836193;S
20240214;100050;58.405000000;100;9595836194;S
20240214;100050;58.405000000;100;9595836195;S
20240214;100050;58.405000000;100;9595836196;S
20240214;100050;58.405000000;700;9595836197;S
20240214;100050;58.405000000;100;9595836198;S
20240214;100050;58.405000000;100;9595836199;S
20240214;100050;58.405000000;100;9595836200;S
20240214;100050;58.405000000;200;9595836201;S
20240214;100050;58.405000000;100;9595836202;S
20240214;100050;58.405000000;100;9595836203;S
20240214;100050;58.405000000;300;9595836204;S
20240214;100050;58.405000000;1000;9595836206;S
20240214;100050;58.405000000;600;9595836207;S
20240214;100050;58.405000000;100;9595836217;S
20240214;100050;58.405000000;200;9595836218;S
20240214;100050;58.405000000;100;9595836219;S
20240214;100050;58.405000000;100;9595836220;S
20240214;100050;58.405000000;100;9595836221;S
20240214;100050;58.405000000;900;9595836222;S
20240214;100050;58.405000000;100;9595836223;S
20240214;100050;58.405000000;300;9595836224;S
20240214;100050;58.435000000;200;9595836225;S
20240214;100050;58.405000000;300;9595836226;S
20240214;100050;58.405000000;100;9595836227;S
20240214;100050;58.405000000;500;9595836228;S
20240214;100050;58.405000000;100;9595836229;S
20240214;100050;58.405000000;400;9595836230;S
20240214;100050;58.405000000;100;9595836231;S
20240214;100050;58.405000000;200;9595836232;S
20240214;100050;58.405000000;100;9595836234;S
20240214;100050;58.405000000;100;9595836235;S
20240214;100050;58.405000000;100;9595836236;S
20240214;100050;58.405000000;100;9595836237;S
20240214;100050;58.405000000;1800;9595836238;S
20240214;100050;58.405000000;100;9595836240;S
20240214;100050;58.405000000;100;9595836241;S
20240214;100050;58.405000000;100;9595836242;S
20240214;100050;58.435000000;100;9595836331;S
20240214;100050;58.435000000;100;9595836332;S
20240214;100050;58.435000000;100;9595836335;S
20240214;100050;58.435000000;100;9595836339;S
20240214;100050;58.435000000;100;9595836341;S
20240214;100050;58.435000000;200;9595836342;S
20240214;100050;58.435000000;100;9595836344;S
20240214;100050;58.435000000;100;9595836345;S
20240214;100050;58.435000000;100;9595836351;S
20240214;100050;58.435000000;100;9595836352;S
20240214;100050;58.435000000;100;9595836353;S
20240214;100050;58.435000000;100;9595836356;S
20240214;100050;58.435000000;100;9595836357;S
20240214;100050;58.435000000;200;9595836359;S
20240214;100050;58.435000000;100;9595836361;S
20240214;100050;58.435000000;100;9595836362;S
20240214;100050;58.435000000;100;9595836364;S
20240214;100050;58.435000000;100;9595836367;S
20240214;100050;58.435000000;100;9595836368;S
20240214;100050;58.435000000;200;9595836369;S
20240214;100050;58.435000000;200;9595836370;S
20240214;100050;58.405000000;200;9595836371;S
20240214;100050;58.405000000;100;9595836373;S
20240214;100050;58.405000000;100;9595836374;S
20240214;100050;58.405000000;100;9595836375;S
20240214;100050;58.405000000;100;9595836376;S
20240214;100050;58.405000000;200;9595836377;S
20240214;100050;58.405000000;300;9595836378;S
20240214;100050;58.405000000;100;9595836379;S
20240214;100050;58.405000000;200;9595836380;S
20240214;100050;58.405000000;200;9595836382;S
20240214;100050;58.405000000;100;9595836383;S
20240214;100050;58.405000000;200;9595836391;S
20240214;100050;58.405000000;100;9595836393;S
20240214;100050;58.405000000;100;9595836394;S
20240214;100050;58.405000000;100;9595836395;S
20240214;100050;58.405000000;100;9595836396;S
20240214;100050;58.405000000;100;9595836397;S
20240214;100050;58.405000000;100;9595836398;S
20240214;100050;58.400000000;200;9595836399;S
20240214;100050;58.405000000;100;9595836400;S
20240214;100050;58.400000000;100;9595836401;S
20240214;100050;58.400000000;100;9595836402;S
20240214;100050;58.405000000;100;9595836403;S
20240214;100050;58.405000000;100;9595836404;S
20240214;100050;58.405000000;100;9595836405;S
20240214;100050;58.405000000;500;9595836406;S
20240214;100050;58.405000000;100;9595836409;S
20240214;100050;58.405000000;500;9595836410;S
20240214;100050;58.405000000;100;9595836411;S
20240214;100050;58.405000000;500;9595836412;S
20240214;100050;58.405000000;100;9595836415;S
20240214;100050;58.405000000;100;9595836416;S
20240214;100050;58.405000000;400;9595836417;S
20240214;100052;58.440000000;100;9595836748;B
20240214;100052;58.445000000;2300;9595836749;B
20240214;100052;58.445000000;2700;9595836750;B
20240214;100052;58.450000000;800;9595836751;B
20240214;100052;58.450000000;100;9595836752;B
20240214;100052;58.450000000;200;9595836753;B
20240214;100052;58.450000000;300;9595836754;B
20240214;100052;58.450000000;1000;9595836755;B
20240214;100052;58.450000000;100;9595836756;B
20240214;100052;58.450000000;4200;9595836757;B
20240214;100052;58.455000000;1300;9595836758;B
20240214;100052;58.455000000;6900;9595836759;B
20240214;100054;58.410000000;6200;9595837115;S
20240214;100054;58.405000000;2000;9595837116;S
20240214;100054;58.405000000;400;9595837117;S
20240214;100101;58.420000000;100;9595839030;S
20240214;100102;58.410000000;100;9595839184;S
20240214;100102;58.405000000;900;9595839185;S
20240214;100107;58.405000000;600;9595840260;S
20240214;100107;58.405000000;300;9595840261;S
20240214;100114;58.450000000;800;9595841889;B
20240214;100114;58.450000000;200;9595841890;B
20240214;100118;58.425000000;100;9595842876;S
20240214;100118;58.425000000;200;9595842877;S
20240214;100119;58.420000000;1000;9595843178;B
20240214;100121;58.420000000;900;9595843466;B
20240214;100121;58.445000000;100;9595843467;B
20240214;100121;58.445000000;6200;9595843468;B
20240214;100121;58.445000000;2800;9595843469;B
20240214;100126;58.410000000;100;9595844417;S
20240214;100126;58.410000000;100;9595844460;S
20240214;100126;58.410000000;100;9595844461;S
20240214;100126;58.410000000;100;9595844462;S
20240214;100126;58.410000000;1100;9595844464;S
20240214;100126;58.410000000;100;9595844466;S
20240214;100126;58.410000000;200;9595844467;S
20240214;100126;58.410000000;100;9595844468;S
20240214;100126;58.410000000;100;9595844469;S
20240214;100126;58.410000000;500;9595844470;S
20240214;100126;58.410000000;100;9595844481;S
20240214;100126;58.410000000;200;9595844482;S
20240214;100126;58.410000000;100;9595844483;S
20240214;100126;58.410000000;100;9595844484;S
20240214;100126;58.410000000;100;9595844485;S
20240214;100126;58.410000000;400;9595844486;S
20240214;100126;58.410000000;400;9595844487;S
20240214;100126;58.410000000;100;9595844488;S
20240214;100126;58.410000000;200;9595844494;S
20240214;100126;58.410000000;300;9595844496;S
20240214;100126;58.410000000;100;9595844497;S
20240214;100126;58.410000000;200;9595844498;S
20240214;100126;58.410000000;100;9595844499;S
20240214;100126;58.410000000;200;9595844501;S
20240214;100126;58.410000000;500;9595844502;S
20240214;100126;58.410000000;200;9595844503;S
20240214;100126;58.410000000;500;9595844504;S
20240214;100126;58.410000000;600;9595844505;S
20240214;100126;58.410000000;100;9595844506;S
20240214;100126;58.410000000;100;9595844507;S
20240214;100126;58.410000000;800;9595844508;S
20240214;100126;58.410000000;100;9595844509;S
20240214;100126;58.410000000;500;9595844511;S
20240214;100126;58.410000000;700;9595844517;S
20240214;100126;58.410000000;100;9595844521;S
20240214;100126;58.410000000;100;9595844523;S
20240214;100126;58.410000000;300;9595844524;S
20240214;100126;58.410000000;100;9595844526;S
20240214;100126;58.410000000;100;9595844528;S
20240214;100126;58.410000000;100;9595844529;S
20240214;100126;58.410000000;100;9595844538;S
20240214;100126;58.410000000;100;9595844539;S
20240214;100126;58.410000000;300;9595844541;S
20240214;100126;58.410000000;200;9595844543;S
20240214;100126;58.410000000;600;9595844544;S
20240214;100126;58.410000000;300;9595844546;S
20240214;100126;58.410000000;100;9595844548;S
20240214;100126;58.410000000;200;9595844549;S
20240214;100126;58.410000000;1200;9595844550;S
20240214;100126;58.410000000;100;9595844551;S
20240214;100126;58.410000000;300;9595844552;S
20240214;100126;58.410000000;100;9595844553;S
20240214;100126;58.410000000;100;9595844554;S
20240214;100126;58.410000000;100;9595844555;S
20240214;100126;58.410000000;100;9595844557;S
20240214;100126;58.410000000;200;9595844558;S
20240214;100126;58.405000000;100;9595844559;S
20240214;100126;58.405000000;300;9595844560;S
20240214;100126;58.405000000;400;9595844561;S
20240214;100126;58.405000000;700;9595844562;S
20240214;100126;58.405000000;200;9595844573;S
20240214;100126;58.405000000;400;9595844574;S
20240214;100126;58.405000000;900;9595844575;S
20240214;100126;58.405000000;100;9595844576;S
20240214;100126;58.405000000;300;9595844577;S
20240214;100126;58.405000000;100;9595844578;S
20240214;100126;58.405000000;100;9595844580;S
20240214;100126;58.415000000;100;9595844584;S
20240214;100126;58.405000000;100;9595844586;S
20240214;100126;58.405000000;400;9595844587;S
20240214;100126;58.405000000;100;9595844588;S
20240214;100126;58.405000000;100;9595844589;S
20240214;100126;58.405000000;100;9595844590;S
20240214;100126;58.405000000;100;9595844594;S
20240214;100126;58.405000000;200;9595844596;S
20240214;100126;58.405000000;100;9595844597;S
20240214;100126;58.405000000;100;9595844598;S
20240214;100126;58.405000000;100;9595844600;S
20240214;100126;58.405000000;1200;9595844601;S
20240214;100126;58.405000000;500;9595844602;S
20240214;100126;58.405000000;100;9595844604;S
20240214;100126;58.405000000;100;9595844605;S
20240214;100126;58.405000000;100;9595844606;S
20240214;100126;58.405000000;100;9595844609;S
20240214;100126;58.405000000;100;9595844610;S
20240214;100126;58.405000000;100;9595844611;S
20240214;100126;58.405000000;100;9595844612;S
20240214;100126;58.405000000;200;9595844613;S
20240214;100126;58.405000000;200;9595844614;S
20240214;100126;58.405000000;100;9595844616;S
20240214;100126;58.405000000;100;9595844618;S
20240214;100126;58.405000000;100;9595844619;S
20240214;100126;58.405000000;200;9595844620;S
20240214;100126;58.405000000;200;9595844630;S
20240214;100126;58.405000000;500;9595844634;S
20240214;100126;58.405000000;100;9595844635;S
20240214;100126;58.405000000;200;9595844636;S
20240214;100126;58.405000000;100;9595844638;S
20240214;100126;58.405000000;200;9595844639;S
20240214;100126;58.405000000;100;9595844641;S
20240214;100126;58.405000000;500;9595844642;S
20240214;100126;58.405000000;400;9595844643;S
20240214;100126;58.405000000;100;9595844644;S
20240214;100126;58.405000000;200;9595844647;S
20240214;100126;58.405000000;200;9595844648;S
20240214;100126;58.405000000;200;9595844650;S
20240214;100126;58.405000000;100;9595844657;S
20240214;100126;58.405000000;400;9595844658;S
20240214;100126;58.405000000;100;9595844660;S
20240214;100126;58.405000000;100;9595844661;S
20240214;100126;58.405000000;100;9595844662;S
20240214;100126;58.405000000;100;9595844663;S
20240214;100126;58.405000000;200;9595844664;S
20240214;100126;58.405000000;100;9595844665;S
20240214;100127;58.405000000;100;9595844666;S
20240214;100127;58.405000000;100;9595844667;S
20240214;100127;58.405000000;100;9595844672;S
20240214;100127;58.405000000;100;9595844675;S
20240214;100127;58.405000000;100;9595844676;S
20240214;100127;58.405000000;100;9595844678;S
20240214;100127;58.405000000;100;9595844679;S
20240214;100127;58.405000000;300;9595844680;S
20240214;100127;58.405000000;100;9595844683;S
20240214;100127;58.405000000;900;9595844684;S
20240214;100127;58.405000000;100;9595844685;S
20240214;100127;58.405000000;300;9595844686;S
20240214;100127;58.405000000;100;9595844687;S
20240214;100127;58.405000000;100;9595844692;S
20240214;100127;58.405000000;100;9595844693;S
20240214;100127;58.405000000;100;9595844694;S
20240214;100127;58.405000000;400;9595844695;S
20240214;100127;58.405000000;500;9595844699;S
20240214;100127;58.405000000;100;9595844701;S
20240214;100127;58.405000000;900;9595844702;S
20240214;100127;58.405000000;100;9595844703;S
20240214;100127;58.405000000;100;9595844704;S
20240214;100127;58.405000000;100;9595844705;S
20240214;100127;58.405000000;800;9595844706;S
20240214;100127;58.405000000;1300;9595844707;S
20240214;100127;58.405000000;400;9595844710;S
20240214;100127;58.405000000;100;9595844722;S
20240214;100127;58.405000000;100;9595844723;S
20240214;100127;58.405000000;100;9595844724;S
20240214;100127;58.405000000;300;9595844725;S
20240214;100127;58.405000000;100;9595844728;S
20240214;100127;58.405000000;700;9595844729;S
20240214;100127;58.405000000;300;9595844730;S
20240214;100127;58.405000000;100;9595844731;S
20240214;100127;58.405000000;200;9595844732;S
20240214;100127;58.405000000;200;9595844733;S
20240214;100127;58.405000000;100;9595844734;S
20240214;100127;58.405000000;100;9595844735;S
20240214;100127;58.405000000;1300;9595844736;S
20240214;100127;58.405000000;100;9595844737;S
20240214;100127;58.405000000;100;9595844738;S
20240214;100127;58.405000000;100;9595844739;S
20240214;100127;58.405000000;100;9595844740;S
20240214;100127;58.405000000;300;9595844742;S
20240214;100127;58.405000000;400;9595844743;S
20240214;100127;58.405000000;100;9595844744;S
20240214;100127;58.405000000;600;9595844745;S
20240214;100127;58.400000000;200;9595844746;S
20240214;100127;58.400000000;100;9595844747;S
20240214;100127;58.400000000;100;9595844749;S
20240214;100127;58.400000000;100;9595844750;S
20240214;100127;58.400000000;200;9595844751;S
20240214;100127;58.400000000;200;9595844752;S
20240214;100127;58.400000000;200;9595844753;S
20240214;100127;58.400000000;500;9595844754;S
20240214;100127;58.400000000;200;9595844756;S
20240214;100127;58.400000000;500;9595844757;S
20240214;100127;58.400000000;100;9595844758;S
20240214;100127;58.400000000;100;9595844759;S
20240214;100127;58.400000000;100;9595844760;S
20240214;100127;58.400000000;200;9595844761;S
20240214;100127;58.400000000;100;9595844762;S
20240214;100127;58.400000000;200;9595844763;S
20240214;100127;58.400000000;400;9595844764;S
20240214;100127;58.400000000;400;9595844765;S
20240214;100127;58.400000000;100;9595844766;S
20240214;100127;58.400000000;200;9595844767;S
20240214;100127;58.400000000;100;9595844768;S
20240214;100127;58.400000000;300;9595844769;S
20240214;100127;58.400000000;400;9595844770;S
20240214;100127;58.400000000;100;9595844771;S
20240214;100127;58.400000000;100;9595844772;S
20240214;100127;58.400000000;300;9595844773;S
20240214;100127;58.400000000;100;9595844775;S
20240214;100127;58.400000000;100;9595844776;S
20240214;100127;58.400000000;200;9595844777;S
20240214;100127;58.400000000;100;9595844778;S
20240214;100127;58.400000000;100;9595844779;S
20240214;100127;58.400000000;400;9595844781;S
20240214;100127;58.400000000;300;9595844782;S
20240214;100127;58.400000000;300;9595844783;S
20240214;100127;58.400000000;100;9595844784;S
20240214;100127;58.400000000;100;9595844785;S
20240214;100127;58.400000000;400;9595844786;S
20240214;100127;58.400000000;400;9595844787;S
20240214;100127;58.400000000;1900;9595844788;S
20240214;100127;58.400000000;1300;9595844789;S
20240214;100127;58.400000000;100;9595844790;S
20240214;100127;58.400000000;400;9595844791;S
20240214;100127;58.400000000;400;9595844792;S
20240214;100127;58.400000000;100;9595844793;S
20240214;100127;58.400000000;100;9595844794;S
20240214;100127;58.400000000;100;9595844795;S
20240214;100127;58.405000000;200;9595844799;S
20240214;100127;58.405000000;100;9595844800;S
20240214;100127;58.405000000;200;9595844801;S
20240214;100127;58.405000000;100;9595844802;S
20240214;100127;58.405000000;300;9595844803;S
20240214;100127;58.405000000;300;9595844804;S
20240214;100127;58.405000000;800;9595844805;S
20240214;100127;58.405000000;300;9595844806;S
20240214;100127;58.405000000;100;9595844807;S
20240214;100127;58.405000000;100;9595844808;S
20240214;100127;58.405000000;5000;9595844894;S
20240214;100127;58.405000000;100;9595844923;S
20240214;100127;58.405000000;1400;9595844924;S
20240214;100127;58.405000000;100;9595844925;S
20240214;100127;58.405000000;100;9595844926;S
20240214;100127;58.405000000;200;9595844927;S
20240214;100127;58.405000000;300;9595844928;S
20240214;100127;58.405000000;100;9595844929;S
20240214;100127;58.405000000;100;9595844930;S
20240214;100127;58.405000000;300;9595844931;S
20240214;100127;58.405000000;100;9595844935;S
20240214;100127;58.405000000;200;9595844954;S
20240214;100127;58.405000000;300;9595844955;S
20240214;100128;58.405000000;100;9595844957;S
20240214;100128;58.405000000;100;9595844959;S
20240214;100128;58.405000000;100;9595844962;S
20240214;100128;58.405000000;200;9595844965;S
20240214;100128;58.405000000;100;9595844968;S
20240214;100128;58.405000000;100;9595844969;S
20240214;100128;58.405000000;200;9595844971;S
20240214;100128;58.405000000;100;9595844973;S
20240214;100128;58.405000000;1200;9595844974;S
20240214;100128;58.405000000;100;9595844977;S
20240214;100128;58.405000000;1800;9595844979;S
20240214;100128;58.405000000;100;9595844980;S
20240214;100128;58.405000000;500;9595844984;S
20240214;100128;58.405000000;100;9595844987;S
20240214;100128;58.405000000;100;9595844988;S
20240214;100128;58.405000000;100;9595844989;S
20240214;100128;58.405000000;200;9595844992;S
20240214;100128;58.405000000;100;9595844996;S
20240214;100128;58.405000000;100;9595844997;S
20240214;100128;58.405000000;1000;9595845003;S
20240214;100128;58.405000000;100;9595845005;S
20240214;100128;58.405000000;100;9595845007;S
20240214;100128;58.405000000;400;9595845009;S
20240214;100128;58.405000000;100;9595845010;S
20240214;100128;58.405000000;100;9595845015;S
20240214;100128;58.405000000;100;9595845016;S
20240214;100128;58.405000000;100;9595845018;S
20240214;100128;58.405000000;200;9595845019;S
20240214;100128;58.405000000;1600;9595845021;S
20240214;100128;58.400000000;500;9595845022;S
20240214;100128;58.400000000;200;9595845024;S
20240214;100128;58.400000000;100;9595845026;S
20240214;100128;58.400000000;700;9595845027;S
20240214;100128;58.400000000;100;9595845028;S
20240214;100128;58.400000000;100;9595845031;S
20240214;100128;58.400000000;300;9595845034;S
20240214;100128;58.400000000;200;9595845042;S
20240214;100128;58.400000000;100;9595845046;S
20240214;100128;58.400000000;400;9595845047;S
20240214;100128;58.400000000;100;9595845053;S
20240214;100128;58.400000000;300;9595845055;S
20240214;100128;58.400000000;300;9595845057;S
20240214;100128;58.400000000;200;9595845058;S
20240214;100128;58.400000000;100;9595845060;S
20240214;100128;58.400000000;500;9595845061;S
20240214;100128;58.400000000;500;9595845062;S
20240214;100128;58.400000000;700;9595845063;S
20240214;100128;58.400000000;100;9595845070;S
20240214;100128;58.400000000;200;9595845074;S
20240214;100128;58.400000000;100;9595845078;S
20240214;100128;58.400000000;100;9595845084;S
20240214;100128;58.400000000;100;9595845089;S
20240214;100128;58.400000000;200;9595845090;S
20240214;100128;58.400000000;100;9595845091;S
20240214;100128;58.400000000;100;9595845092;S
20240214;100128;58.400000000;100;9595845093;S
20240214;100128;58.400000000;100;9595845094;S
20240214;100128;58.445000000;200;9595845096;B
20240214;100128;58.445000000;6200;9595845097;B
20240214;100128;58.450000000;300;9595845098;B
20240214;100128;58.450000000;3300;9595845099;B
20240214;100128;58.405000000;200;9595845100;S
20240214;100128;58.405000000;1800;9595845101;S
20240214;100128;58.405000000;1100;9595845102;S
20240214;100128;58.405000000;900;9595845104;S
20240214;100128;58.405000000;200;9595845106;S
20240214;100128;58.405000000;100;9595845108;S
20240214;100128;58.405000000;100;9595845112;S
20240214;100128;58.405000000;200;9595845113;S
20240214;100128;58.405000000;200;9595845114;S
20240214;100128;58.405000000;100;9595845115;S
20240214;100128;58.405000000;100;9595845116;S
20240214;100128;58.405000000;100;9595845117;S
20240214;100128;58.405000000;100;9595845118;S
20240214;100128;58.405000000;100;9595845119;S
20240214;100128;58.405000000;100;9595845122;S
20240214;100128;58.405000000;200;9595845123;S
20240214;100128;58.405000000;200;9595845124;S
20240214;100128;58.405000000;100;9595845127;S
20240214;100128;58.405000000;300;9595845129;S
20240214;100128;58.405000000;100;9595845130;S
20240214;100128;58.405000000;100;9595845170;S
20240214;100128;58.405000000;100;9595845171;S
20240214;100128;58.405000000;100;9595845172;S
20240214;100128;58.405000000;600;9595845174;S
20240214;100128;58.405000000;300;9595845177;S
20240214;100128;58.405000000;100;9595845178;S
20240214;100128;58.405000000;400;9595845180;S
20240214;100128;58.405000000;100;9595845181;S
20240214;100128;58.405000000;100;9595845182;S
20240214;100128;58.405000000;100;9595845183;S
20240214;100128;58.400000000;100;9595845185;S
20240214;100128;58.400000000;200;9595845190;S
20240214;100128;58.400000000;100;9595845192;S
20240214;100128;58.400000000;100;9595845193;S
20240214;100128;58.400000000;700;9595845194;S
20240214;100128;58.400000000;100;9595845196;S
20240214;100128;58.400000000;200;9595845197;S
20240214;100128;58.400000000;900;9595845198;S
20240214;100128;58.400000000;300;9595845199;S
20240214;100128;58.400000000;100;9595845200;S
20240214;100128;58.400000000;900;9595845201;S
20240214;100128;58.400000000;300;9595845202;S
20240214;100128;58.400000000;400;9595845203;S
20240214;100128;58.400000000;100;9595845204;S
20240214;100128;58.400000000;300;9595845205;S
20240214;100128;58.400000000;300;9595845206;S
20240214;100128;58.400000000;200;9595845207;S
20240214;100128;58.400000000;100;9595845208;S
20240214;100128;58.400000000;200;9595845211;S
20240214;100128;58.400000000;100;9595845212;S
20240214;100128;58.400000000;100;9595845213;S
20240214;100128;58.400000000;100;9595845218;S
20240214;100128;58.400000000;900;9595845219;S
20240214;100128;58.400000000;200;9595845220;S
20240214;100128;58.400000000;100;9595845221;S
20240214;100128;58.400000000;100;9595845222;S
20240214;100128;58.400000000;100;9595845223;S
20240214;100128;58.400000000;100;9595845224;S
20240214;100128;58.400000000;500;9595845225;S
20240214;100128;58.400000000;200;9595845226;S
20240214;100128;58.400000000;100;9595845227;S
20240214;100128;58.400000000;700;9595845228;S
20240214;100128;58.400000000;100;9595845229;S
20240214;100128;58.400000000;100;9595845230;S
20240214;100128;58.400000000;100;9595845231;S
20240214;100128;58.400000000;100;9595845232;S
20240214;100128;58.400000000;100;9595845235;S
20240214;100128;58.400000000;100;9595845236;S
20240214;100128;58.400000000;300;9595845237;S
20240214;100128;58.400000000;100;9595845238;S
20240214;100128;58.400000000;1300;9595845239;S
20240214;100128;58.400000000;100;9595845240;S
20240214;100128;58.400000000;100;9595845241;S
20240214;100128;58.400000000;100;9595845242;S
20240214;100128;58.400000000;100;9595845243;S
20240214;100128;58.400000000;100;9595845244;S
20240214;100128;58.400000000;100;9595845245;S
20240214;100128;58.400000000;100;9595845246;S
20240214;100128;58.400000000;100;9595845247;S
20240214;100128;58.400000000;500;9595845248;S
20240214;100128;58.400000000;100;9595845249;S
20240214;100128;58.400000000;100;9595845251;S
20240214;100128;58.400000000;100;9595845252;S
20240214;100128;58.400000000;100;9595845253;S
20240214;100128;58.400000000;900;9595845255;S
20240214;100128;58.400000000;100;9595845256;S
20240214;100128;58.400000000;200;9595845257;S
20240214;100128;58.400000000;700;9595845258;S
20240214;100128;58.400000000;100;9595845259;S
20240214;100128;58.400000000;100;9595845260;S
20240214;100128;58.400000000;100;9595845261;S
20240214;100128;58.400000000;200;9595845262;S
20240214;100128;58.400000000;100;9595845263;S
20240214;100128;58.400000000;100;9595845264;S
20240214;100128;58.400000000;200;9595845265;S
20240214;100128;58.400000000;400;9595845266;S
20240214;100128;58.400000000;100;9595845267;S
20240214;100128;58.400000000;700;9595845268;S
20240214;100128;58.400000000;100;9595845269;S
20240214;100128;58.400000000;300;9595845270;S
20240214;100128;58.400000000;100;9595845271;S
20240214;100128;58.400000000;100;9595845272;S
20240214;100128;58.400000000;100;9595845274;S
20240214;100128;58.400000000;100;9595845275;S
20240214;100128;58.400000000;100;9595845276;S
20240214;100128;58.400000000;200;9595845277;S
20240214;100128;58.400000000;100;9595845278;S
20240214;100128;58.400000000;200;9595845279;S
20240214;100128;58.400000000;100;9595845280;S
20240214;100128;58.400000000;100;9595845281;S
20240214;100128;58.400000000;200;9595845282;S
20240214;100128;58.400000000;600;9595845283;S
20240214;100128;58.400000000;100;9595845284;S
20240214;100128;58.400000000;400;9595845285;S
20240214;100128;58.400000000;200;9595845286;S
20240214;100128;58.400000000;100;9595845287;S
20240214;100128;58.400000000;100;9595845288;S
20240214;100128;58.400000000;100;9595845289;S
20240214;100128;58.400000000;100;9595845290;S
20240214;100128;58.400000000;200;9595845291;S
20240214;100128;58.400000000;300;9595845292;S
20240214;100128;58.400000000;300;9595845293;S
20240214;100128;58.400000000;100;9595845294;S
20240214;100128;58.400000000;400;9595845295;S
20240214;100128;58.400000000;100;9595845296;S
20240214;100128;58.400000000;100;9595845297;S
20240214;100128;58.400000000;100;9595845298;S
20240214;100128;58.400000000;200;9595845299;S
20240214;100128;58.400000000;100;9595845300;S
20240214;100128;58.400000000;1500;9595845303;S
20240214;100128;58.400000000;200;9595845304;S
20240214;100128;58.400000000;100;9595845305;S
20240214;100128;58.400000000;100;9595845306;S
20240214;100128;58.400000000;100;9595845307;S
20240214;100128;58.400000000;400;9595845308;S
20240214;100128;58.400000000;100;9595845309;S
20240214;100128;58.400000000;300;9595845310;S
20240214;100128;58.400000000;300;9595845311;S
20240214;100128;58.400000000;100;9595845312;S
20240214;100128;58.400000000;100;9595845313;S
20240214;100128;58.400000000;100;9595845314;S
20240214;100128;58.400000000;700;9595845315;S
20240214;100128;58.400000000;100;9595845317;S
20240214;100128;58.400000000;200;9595845318;S
20240214;100128;58.400000000;700;9595845319;S
20240214;100128;58.400000000;200;9595845320;S
20240214;100129;58.400000000;100;9595845390;S
20240214;100129;58.400000000;1100;9595845391;S
20240214;100129;58.400000000;100;9595845392;S
20240214;100129;58.400000000;400;9595845394;S
20240214;100129;58.400000000;100;9595845402;S
20240214;100129;58.400000000;200;9595845403;S
20240214;100129;58.400000000;300;9595845407;S
20240214;100129;58.400000000;200;9595845408;S
20240214;100129;58.400000000;300;9595845410;S
20240214;100129;58.400000000;100;9595845411;S
20240214;100129;58.400000000;100;9595845435;S
20240214;100129;58.400000000;1900;9595845439;S
20240214;100129;58.400000000;100;9595845440;S
20240214;100129;58.400000000;1200;9595845441;S
20240214;100129;58.400000000;300;9595845443;S
20240214;100129;58.400000000;100;9595845444;S
20240214;100129;58.400000000;200;9595845447;S
20240214;100129;58.400000000;100;9595845449;S
20240214;100129;58.400000000;1000;9595845450;S
20240214;100129;58.400000000;200;9595845451;S
20240214;100129;58.400000000;100;9595845452;S
20240214;100129;58.400000000;100;9595845453;S
20240214;100129;58.400000000;100;9595845455;S
20240214;100129;58.400000000;2000;9595845457;S
20240214;100129;58.400000000;100;9595845460;S
20240214;100129;58.400000000;100;9595845461;S
20240214;100129;58.400000000;100;9595845462;S
20240214;100129;58.400000000;300;9595845463;S
20240214;100129;58.400000000;400;9595845464;S
20240214;100129;58.400000000;100;9595845466;S
20240214;100129;58.400000000;200;9595845467;S
20240214;100129;58.400000000;3200;9595845468;S
20240214;100129;58.400000000;100;9595845476;S
20240214;100129;58.400000000;200;9595845478;S
20240214;100129;58.400000000;500;9595845483;S
20240214;100129;58.400000000;300;9595845484;S
20240214;100129;58.400000000;100;9595845487;S
20240214;100129;58.400000000;100;9595845488;S
20240214;100129;58.400000000;100;9595845502;S
20240214;100129;58.400000000;100;9595845503;S
20240214;100129;58.400000000;200;9595845504;S
20240214;100129;58.400000000;200;9595845505;S
20240214;100129;58.400000000;100;9595845508;S
20240214;100129;58.400000000;100;9595845509;S
20240214;100129;58.400000000;100;9595845510;S
20240214;100129;58.400000000;200;9595845512;S
20240214;100129;58.400000000;200;9595845515;S
20240214;100129;58.400000000;100;9595845517;S
20240214;100129;58.400000000;200;9595845520;S
20240214;100129;58.400000000;100;9595845521;S
20240214;100129;58.400000000;100;9595845522;S
20240214;100129;58.400000000;800;9595845524;S
20240214;100129;58.400000000;100;9595845525;S
20240214;100129;58.400000000;100;9595845528;S
20240214;100129;58.400000000;200;9595845530;S
20240214;100129;58.400000000;500;9595845531;S
20240214;100129;58.405000000;100;9595845535;S
20240214;100129;58.405000000;300;9595845539;S
20240214;100129;58.405000000;500;9595845540;S
20240214;100129;58.405000000;200;9595845541;S
20240214;100129;58.405000000;100;9595845542;S
20240214;100129;58.405000000;100;9595845544;S
20240214;100129;58.405000000;200;9595845548;S
20240214;100129;58.405000000;100;9595845551;S
20240214;100129;58.405000000;100;9595845552;S
20240214;100129;58.405000000;100;9595845553;S
20240214;100129;58.405000000;100;9595845554;S
20240214;100129;58.405000000;200;9595845555;S
20240214;100129;58.405000000;100;9595845557;S
20240214;100129;58.405000000;100;9595845558;S
20240214;100129;58.405000000;200;9595845560;S
20240214;100129;58.405000000;100;9595845562;S
20240214;100129;58.405000000;100;9595845563;S
20240214;100129;58.405000000;100;9595845564;S
20240214;100129;58.405000000;300;9595845566;S
20240214;100129;58.405000000;100;9595845567;S
20240214;100129;58.405000000;100;9595845574;S
20240214;100129;58.405000000;300;9595845576;S
20240214;100129;58.405000000;300;9595845579;S
20240214;100129;58.405000000;100;9595845582;S
20240214;100129;58.405000000;200;9595845583;S
20240214;100129;58.405000000;500;9595845585;S
20240214;100129;58.405000000;300;9595845588;S
20240214;100129;58.400000000;100;9595845602;S
20240214;100129;58.400000000;100;9595845603;S
20240214;100129;58.400000000;100;9595845604;S
20240214;100129;58.400000000;300;9595845606;S
20240214;100129;58.400000000;1000;9595845607;S
20240214;100129;58.400000000;200;9595845609;S
20240214;100129;58.400000000;100;9595845611;S
20240214;100129;58.400000000;100;9595845612;S
20240214;100129;58.400000000;500;9595845613;S
20240214;100129;58.400000000;100;9595845614;S
20240214;100129;58.400000000;100;9595845618;S
20240214;100129;58.400000000;300;9595845622;S
20240214;100129;58.400000000;200;9595845624;S
20240214;100129;58.400000000;100;9595845625;S
20240214;100129;58.400000000;100;9595845628;S
20240214;100129;58.400000000;700;9595845629;S
20240214;100129;58.400000000;100;9595845630;S
20240214;100129;58.400000000;300;9595845631;S
20240214;100129;58.400000000;100;9595845633;S
20240214;100130;58.400000000;100;9595845656;S
20240214;100130;58.400000000;100;9595845657;S
20240214;100130;58.400000000;100;9595845658;S
20240214;100130;58.400000000;100;9595845659;S
20240214;100130;58.400000000;100;9595845660;S
20240214;100130;58.400000000;100;9595845661;S
20240214;100130;58.400000000;100;9595845662;S
20240214;100130;58.400000000;100;9595845663;S
20240214;100130;58.400000000;100;9595845664;S
20240214;100130;58.400000000;100;9595845665;S
20240214;100130;58.400000000;100;9595845666;S
20240214;100130;58.400000000;100;9595845668;S
20240214;100130;58.400000000;100;9595845672;S
20240214;100130;58.400000000;100;9595845674;S
20240214;100130;58.400000000;100;9595845676;S
20240214;100130;58.400000000;100;9595845677;S
20240214;100130;58.400000000;100;9595845681;S
20240214;100130;58.400000000;100;9595845688;S
20240214;100130;58.400000000;100;9595845689;S
20240214;100130;58.400000000;100;9595845692;S
20240214;100130;58.400000000;100;9595845693;S
20240214;100130;58.400000000;100;9595845695;S
20240214;100130;58.400000000;100;9595845696;S
20240214;100130;58.400000000;1100;9595845697;S
20240214;100130;58.400000000;100;9595845698;S
20240214;100130;58.400000000;100;9595845699;S
20240214;100130;58.400000000;100;9595845700;S
20240214;100130;58.400000000;100;9595845702;S
20240214;100130;58.400000000;100;9595845703;S
20240214;100130;58.400000000;100;9595845706;S
20240214;100130;58.400000000;100;9595845708;S
20240214;100130;58.400000000;100;9595845709;S
20240214;100130;58.400000000;100;9595845710;S
20240214;100130;58.400000000;300;9595845711;S
20240214;100130;58.400000000;300;9595845712;S
20240214;100130;58.400000000;100;9595845713;S
20240214;100130;58.400000000;200;9595845715;S
20240214;100130;58.400000000;300;9595845716;S
20240214;100130;58.400000000;200;9595845717;S
20240214;100130;58.400000000;100;9595845718;S
20240214;100130;58.400000000;100;9595845719;S
20240214;100130;58.400000000;100;9595845720;S
20240214;100130;58.400000000;100;9595845721;S
20240214;100130;58.400000000;200;9595845722;S
20240214;100130;58.400000000;100;9595845723;S
20240214;100130;58.400000000;100;9595845724;S
20240214;100130;58.400000000;300;9595845726;S
20240214;100130;58.400000000;100;9595845727;S
20240214;100130;58.400000000;300;9595845728;S
20240214;100130;58.400000000;100;9595845732;S
20240214;100130;58.400000000;100;9595845733;S
20240214;100130;58.400000000;200;9595845734;S
20240214;100130;58.400000000;100;9595845735;S
20240214;100130;58.400000000;200;9595845737;S
20240214;100130;58.400000000;400;9595845748;S
20240214;100130;58.400000000;100;9595845750;S
20240214;100130;58.400000000;100;9595845751;S
20240214;100130;58.400000000;200;9595845752;S
20240214;100130;58.400000000;100;9595845753;S
20240214;100130;58.400000000;200;9595845754;S
20240214;100130;58.400000000;100;9595845755;S
20240214;100130;58.400000000;100;9595845756;S
20240214;100130;58.400000000;100;9595845757;S
20240214;100130;58.400000000;200;9595845758;S
20240214;100130;58.400000000;100;9595845759;S
20240214;100130;58.400000000;100;9595845760;S
20240214;100130;58.400000000;100;9595845761;S
20240214;100130;58.400000000;100;9595845762;S
20240214;100130;58.400000000;100;9595845767;S
20240214;100130;58.400000000;100;9595845768;S
20240214;100130;58.400000000;100;9595845769;S
20240214;100130;58.400000000;100;9595845771;S
20240214;100130;58.400000000;100;9595845772;S
20240214;100130;58.400000000;100;9595845773;S
20240214;100130;58.400000000;300;9595845774;S
20240214;100130;58.400000000;200;9595845775;S
20240214;100130;58.400000000;100;9595845776;S
20240214;100130;58.400000000;200;9595845777;S
20240214;100130;58.400000000;100;9595845778;S
20240214;100130;58.400000000;600;9595845779;S
20240214;100130;58.400000000;700;9595845780;S
20240214;100130;58.400000000;100;9595845781;S
20240214;100130;58.400000000;100;9595845782;S
20240214;100130;58.400000000;100;9595845783;S
20240214;100130;58.400000000;1000;9595845784;S
20240214;100130;58.400000000;100;9595845785;S
20240214;100130;58.400000000;100;9595845786;S
20240214;100130;58.400000000;300;9595845787;S
20240214;100130;58.400000000;300;9595845788;S
20240214;100130;58.400000000;100;9595845789;S
20240214;100130;58.400000000;100;9595845790;S
20240214;100130;58.400000000;400;9595845791;S
20240214;100130;58.400000000;300;9595845792;S
20240214;100130;58.400000000;100;9595845793;S
20240214;100130;58.400000000;100;9595845794;S
20240214;100130;58.400000000;100;9595845795;S
20240214;100130;58.400000000;100;9595845796;S
20240214;100130;58.400000000;100;9595845797;S
20240214;100130;58.400000000;100;9595845798;S
20240214;100130;58.400000000;100;9595845799;S
20240214;100130;58.400000000;200;9595845800;S
20240214;100130;58.400000000;100;9595845801;S
20240214;100130;58.400000000;100;9595845802;S
20240214;100130;58.400000000;100;9595845803;S
20240214;100130;58.400000000;200;9595845804;S
20240214;100130;58.400000000;100;9595845805;S
20240214;100130;58.400000000;100;9595845806;S
20240214;100130;58.400000000;100;9595845807;S
20240214;100130;58.400000000;200;9595845808;S
20240214;100130;58.400000000;100;9595845809;S
20240214;100130;58.400000000;100;9595845810;S
20240214;100130;58.400000000;100;9595845811;S
20240214;100130;58.400000000;200;9595845812;S
20240214;100130;58.400000000;100;9595845813;S
20240214;100130;58.400000000;100;9595845815;S
20240214;100130;58.400000000;100;9595845816;S
20240214;100130;58.400000000;500;9595845817;S
20240214;100130;58.400000000;300;9595845818;S
20240214;100130;58.400000000;100;9595845819;S
20240214;100130;58.400000000;100;9595845820;S
20240214;100130;58.400000000;300;9595845821;S
20240214;100130;58.400000000;100;9595845822;S
20240214;100130;58.400000000;200;9595845824;S
20240214;100130;58.400000000;300;9595845825;S
20240214;100130;58.400000000;300;9595845827;S
20240214;100130;58.400000000;100;9595845828;S
20240214;100130;58.400000000;100;9595845829;S
20240214;100130;58.400000000;100;9595845830;S
20240214;100130;58.400000000;100;9595845831;S
20240214;100130;58.400000000;400;9595845832;S
20240214;100130;58.400000000;300;9595845833;S
20240214;100130;58.400000000;100;9595845834;S
20240214;100130;58.400000000;200;9595845835;S
20240214;100130;58.400000000;100;9595845836;S
20240214;100130;58.400000000;100;9595845837;S
20240214;100130;58.400000000;100;9595845838;S
20240214;100130;58.400000000;100;9595845839;S
20240214;100135;58.410000000;5500;9595846692;B
20240214;100135;58.425000000;5000;9595846693;B
20240214;100135;58.435000000;900;9595846694;B
20240214;100135;58.435000000;100;9595846695;B
20240214;100136;58.400000000;8600;9595846767;S
20240214;100137;58.425000000;1200;9595847141;B
20240214;100138;58.405000000;100;9595847389;S
20240214;100138;58.405000000;1000;9595847390;S
20240214;100138;58.400000000;7600;9595847391;S
20240214;100141;58.420000000;100;9595847963;B
20240214;100144;58.410000000;2700;9595848371;S
20240214;100145;58.410000000;100;9595848571;S
20240214;100145;58.410000000;200;9595848626;S
20240214;100145;58.410000000;200;9595848628;S
20240214;100145;58.410000000;300;9595848629;S
20240214;100145;58.410000000;100;9595848630;S
20240214;100145;58.410000000;300;9595848634;S
20240214;100145;58.405000000;300;9595848635;S
20240214;100145;58.405000000;700;9595848637;S
20240214;100145;58.405000000;400;9595848638;S
20240214;100145;58.405000000;200;9595848641;S
20240214;100145;58.400000000;200;9595848642;S
20240214;100145;58.400000000;100;9595848643;S
20240214;100145;58.400000000;300;9595848644;S
20240214;100145;58.400000000;200;9595848645;S
20240214;100146;58.400000000;100;9595848646;S
20240214;100146;58.425000000;5500;9595848647;B
20240214;100146;58.440000000;1000;9595848648;B
20240214;100146;58.440000000;100;9595848649;B
20240214;100146;58.440000000;100;9595848650;B
20240214;100146;58.445000000;2000;9595848651;B
20240214;100146;58.450000000;9000;9595848652;B
20240214;100146;58.450000000;2200;9595848653;B
20240214;100146;58.450000000;1300;9595848654;B
20240214;100146;58.450000000;300;9595848655;B
20240214;100146;58.455000000;500;9595848656;B
20240214;100146;58.455000000;100;9595848657;B
20240214;100146;58.455000000;2000;9595848658;B
20240214;100146;58.455000000;5000;9595848659;B
20240214;100146;58.455000000;1300;9595848660;B
20240214;100146;58.455000000;100;9595848662;S
20240214;100146;58.455000000;100;9595848663;S
20240214;100146;58.455000000;600;9595848665;S
20240214;100146;58.455000000;400;9595848666;S
20240214;100146;58.455000000;300;9595848668;S
20240214;100146;58.455000000;300;9595848669;S
20240214;100146;58.455000000;200;9595848673;S
20240214;100146;58.455000000;100;9595848675;S
20240214;100146;58.455000000;200;9595848676;S
20240214;100146;58.455000000;200;9595848677;S
20240214;100146;58.455000000;200;9595848678;S
20240214;100146;58.455000000;300;9595848679;S
20240214;100146;58.455000000;700;9595848687;S
20240214;100146;58.455000000;800;9595848688;S
20240214;100146;58.455000000;100;9595848689;S
20240214;100146;58.455000000;800;9595848692;S
20240214;100146;58.455000000;100;9595848693;S
20240214;100146;58.455000000;300;9595848695;S
20240214;100146;58.455000000;300;9595848696;S
20240214;100146;58.455000000;100;9595848697;S
20240214;100146;58.455000000;200;9595848698;S
20240214;100146;58.455000000;100;9595848701;S
20240214;100146;58.455000000;100;9595848702;S
20240214;100146;58.455000000;100;9595848706;S
20240214;100146;58.455000000;400;9595848707;S
20240214;100146;58.455000000;100;9595848708;S
20240214;100146;58.455000000;200;9595848712;S
20240214;100146;58.455000000;100;9595848713;S
20240214;100146;58.455000000;100;9595848715;S
20240214;100146;58.455000000;1700;9595848716;S
20240214;100146;58.455000000;100;9595848718;S
20240214;100146;58.455000000;100;9595848721;S
20240214;100146;58.455000000;100;9595848722;S
20240214;100146;58.455000000;500;9595848725;S
20240214;100146;58.455000000;600;9595848726;S
20240214;100146;58.455000000;600;9595848727;S
20240214;100146;58.455000000;300;9595848728;S
20240214;100146;58.455000000;200;9595848730;S
20240214;100146;58.455000000;200;9595848731;S
20240214;100146;58.455000000;100;9595848733;S
20240214;100146;58.455000000;900;9595848735;S
20240214;100146;58.455000000;1100;9595848740;S
20240214;100146;58.455000000;100;9595848741;S
20240214;100146;58.455000000;600;9595848742;S
20240214;100146;58.455000000;400;9595848743;S
20240214;100146;58.455000000;100;9595848745;S
20240214;100146;58.455000000;100;9595848746;S
20240214;100146;58.455000000;200;9595848749;S
20240214;100146;58.455000000;300;9595848750;S
20240214;100146;58.455000000;400;9595848752;S
20240214;100146;58.455000000;100;9595848753;S
20240214;100146;58.455000000;200;9595848754;S
20240214;100146;58.455000000;300;9595848755;S
20240214;100146;58.455000000;300;9595848756;S
20240214;100146;58.455000000;200;9595848757;S
20240214;100146;58.455000000;400;9595848763;S
20240214;100146;58.455000000;1100;9595848764;S
20240214;100146;58.455000000;100;9595848765;S
20240214;100146;58.455000000;400;9595848767;S
20240214;100146;58.455000000;200;9595848773;S
20240214;100146;58.410000000;100;9595848774;S
20240214;100146;58.410000000;300;9595848776;S
20240214;100146;58.410000000;1400;9595848777;S
20240214;100146;58.410000000;200;9595848782;S
20240214;100146;58.405000000;400;9595848783;S
20240214;100146;58.405000000;100;9595848784;S
20240214;100146;58.405000000;100;9595848785;S
20240214;100146;58.405000000;100;9595848786;S
20240214;100146;58.405000000;300;9595848788;S
20240214;100146;58.405000000;100;9595848789;S
20240214;100146;58.405000000;100;9595848790;S
20240214;100146;58.405000000;200;9595848791;S
20240214;100146;58.405000000;100;9595848805;S
20240214;100146;58.405000000;1100;9595848806;S
20240214;100146;58.405000000;100;9595848813;S
20240214;100146;58.405000000;100;9595848814;S
20240214;100146;58.405000000;300;9595848815;S
20240214;100146;58.405000000;100;9595848816;S
20240214;100146;58.405000000;200;9595848817;S
20240214;100146;58.405000000;500;9595848818;S
20240214;100146;58.400000000;800;9595848819;S
20240214;100146;58.405000000;900;9595848820;S
20240214;100146;58.405000000;300;9595848821;S
20240214;100146;58.405000000;100;9595848822;S
20240214;100146;58.400000000;200;9595848823;S
20240214;100146;58.405000000;100;9595848824;S
20240214;100146;58.405000000;200;9595848825;S
20240214;100146;58.405000000;500;9595848826;S
20240214;100146;58.405000000;500;9595848827;S
20240214;100146;58.405000000;200;9595848828;S
20240214;100146;58.405000000;400;9595848829;S
20240214;100146;58.400000000;100;9595848830;S
20240214;100146;58.400000000;100;9595848831;S
20240214;100146;58.400000000;1100;9595848832;S
20240214;100146;58.400000000;300;9595848833;S
20240214;100146;58.400000000;200;9595848834;S
20240214;100146;58.400000000;200;9595848835;S
20240214;100146;58.400000000;300;9595848836;S
20240214;100146;58.400000000;500;9595848837;S
20240214;100146;58.400000000;200;9595848838;S
20240214;100146;58.400000000;300;9595848839;S
20240214;100146;58.400000000;100;9595848840;S
20240214;100146;58.400000000;900;9595848841;S
20240214;100146;58.400000000;300;9595848842;S
20240214;100146;58.400000000;100;9595848843;S
20240214;100146;58.400000000;100;9595848844;S
20240214;100146;58.400000000;100;9595848845;S
20240214;100146;58.400000000;1800;9595848846;S
20240214;100146;58.400000000;200;9595848847;S
20240214;100146;58.400000000;200;9595848848;S
20240214;100146;58.400000000;300;9595848849;S
20240214;100146;58.400000000;700;9595848850;S
20240214;100146;58.400000000;100;9595848851;S
20240214;100146;58.400000000;700;9595848852;S
20240214;100146;58.400000000;900;9595848867;S
20240214;100146;58.400000000;100;9595848868;S
20240214;100146;58.400000000;800;9595848869;S
20240214;100146;58.400000000;200;9595848870;S
20240214;100146;58.400000000;200;9595848871;S
20240214;100146;58.400000000;100;9595848872;S
20240214;100146;58.400000000;300;9595848873;S
20240214;100146;58.400000000;700;9595848874;S
20240214;100146;58.400000000;200;9595848875;S
20240214;100146;58.400000000;100;9595848876;S
20240214;100146;58.400000000;100;9595848880;S
20240214;100146;58.400000000;100;9595848881;S
20240214;100146;58.400000000;100;9595848883;S
20240214;100146;58.400000000;200;9595848884;S
20240214;100146;58.400000000;100;9595848910;S
20240214;100146;58.400000000;300;9595848911;S
20240214;100146;58.400000000;500;9595848912;S
20240214;100146;58.400000000;300;9595848913;S
20240214;100146;58.400000000;200;9595848914;S
20240214;100146;58.400000000;100;9595848915;S
20240214;100146;58.400000000;100;9595848916;S
20240214;100146;58.400000000;100;9595848917;S
20240214;100146;58.400000000;1300;9595848918;S
20240214;100146;58.400000000;3200;9595848919;S
20240214;100146;58.400000000;300;9595848920;S
20240214;100146;58.400000000;200;9595848921;S
20240214;100146;58.400000000;800;9595848922;S
20240214;100146;58.400000000;300;9595848923;S
20240214;100146;58.400000000;400;9595848924;S
20240214;100146;58.400000000;500;9595848925;S
20240214;100146;58.400000000;400;9595848926;S
20240214;100146;58.400000000;100;9595848927;S
20240214;100146;58.400000000;200;9595848928;S
20240214;100146;58.400000000;200;9595848929;S
20240214;100148;58.405000000;100;9595849307;S
20240214;100148;58.405000000;100;9595849308;S
20240214;100148;58.405000000;300;9595849310;S
20240214;100148;58.405000000;300;9595849311;S
20240214;100148;58.405000000;100;9595849316;S
20240214;100148;58.405000000;400;9595849317;S
20240214;100148;58.405000000;200;9595849321;S
20240214;100148;58.405000000;200;9595849323;S
20240214;100148;58.405000000;400;9595849324;S
20240214;100148;58.400000000;200;9595849333;S
20240214;100148;58.400000000;100;9595849335;S
20240214;100148;58.400000000;300;9595849337;S
20240214;100148;58.400000000;100;9595849341;S
20240214;100148;58.400000000;200;9595849345;S
20240214;100148;58.400000000;1100;9595849346;S
20240214;100148;58.400000000;100;9595849347;S
20240214;100148;58.400000000;300;9595849348;S
20240214;100148;58.400000000;1100;9595849350;S
20240214;100148;58.400000000;200;9595849351;S
20240214;100148;58.400000000;400;9595849352;S
20240214;100148;58.400000000;900;9595849353;S
20240214;100148;58.400000000;300;9595849355;S
20240214;100148;58.400000000;400;9595849356;S
20240214;100148;58.400000000;2900;9595849357;S
20240214;100148;58.400000000;100;9595849358;S
20240214;100148;58.400000000;800;9595849360;S
20240214;100148;58.400000000;200;9595849361;S
20240214;100148;58.400000000;200;9595849362;S
20240214;100148;58.400000000;200;9595849364;S
20240214;100148;58.400000000;100;9595849368;S
20240214;100148;58.400000000;300;9595849376;S
20240214;100148;58.400000000;300;9595849377;S
20240214;100148;58.400000000;300;9595849382;S
20240214;100148;58.400000000;100;9595849383;S
20240214;100148;58.400000000;500;9595849384;S
20240214;100149;58.400000000;100;9595849387;S
20240214;100149;58.400000000;100;9595849389;S
20240214;100149;58.400000000;100;9595849391;S
20240214;100149;58.400000000;700;9595849394;S
20240214;100149;58.400000000;200;9595849395;S
20240214;100149;58.400000000;100;9595849397;S
20240214;100149;58.400000000;300;9595849398;S
20240214;100149;58.400000000;100;9595849403;S
20240214;100149;58.400000000;700;9595849404;S
20240214;100149;58.400000000;200;9595849405;S
20240214;100149;58.400000000;300;9595849406;S
20240214;100149;58.400000000;100;9595849407;S
20240214;100149;58.400000000;300;9595849414;S
20240214;100149;58.400000000;200;9595849415;S
20240214;100149;58.400000000;700;9595849417;S
20240214;100149;58.400000000;400;9595849418;S
20240214;100149;58.400000000;100;9595849429;S
20240214;100149;58.400000000;100;9595849434;S
20240214;100149;58.400000000;100;9595849435;S
20240214;100149;58.400000000;300;9595849439;S
20240214;100149;58.400000000;200;9595849444;S
20240214;100149;58.400000000;200;9595849445;S
20240214;100149;58.400000000;500;9595849453;S
20240214;100149;58.400000000;100;9595849454;S
20240214;100149;58.400000000;100;9595849455;S
20240214;100149;58.400000000;100;9595849459;S
20240214;100149;58.400000000;300;9595849460;S
20240214;100149;58.400000000;100;9595849462;S
20240214;100149;58.400000000;900;9595849463;S
20240214;100149;58.400000000;100;9595849464;S
20240214;100149;58.400000000;100;9595849465;S
20240214;100149;58.400000000;100;9595849466;S
20240214;100149;58.400000000;100;9595849467;S
20240214;100149;58.400000000;300;9595849470;S
20240214;100149;58.400000000;100;9595849475;S
20240214;100149;58.400000000;200;9595849483;S
20240214;100149;58.400000000;100;9595849504;S
20240214;100149;58.400000000;200;9595849509;S
20240214;100149;58.400000000;100;9595849510;S
20240214;100149;58.400000000;200;9595849512;S
20240214;100149;58.400000000;200;9595849513;S
20240214;100149;58.400000000;700;9595849514;S
20240214;100149;58.400000000;100;9595849519;S
20240214;100149;58.400000000;100;9595849520;S
20240214;100149;58.400000000;300;9595849521;S
20240214;100149;58.400000000;100;9595849528;S
20240214;100149;58.400000000;1300;9595849529;S
20240214;100149;58.400000000;200;9595849530;S
20240214;100149;58.400000000;500;9595849533;S
20240214;100149;58.400000000;100;9595849536;S
20240214;100149;58.400000000;100;9595849537;S
20240214;100149;58.400000000;600;9595849538;S
20240214;100149;58.400000000;300;9595849539;S
20240214;100149;58.400000000;100;9595849542;S
20240214;100149;58.400000000;300;9595849543;S
20240214;100149;58.400000000;400;9595849544;S
20240214;100149;58.400000000;100;9595849546;S
20240214;100149;58.400000000;400;9595849547;S
