<DATE>;<TIME>;<LAST>;<VOL>;<ID>;<OPER>
20240202;095941;57.065000000;100;9505768140;B
20240202;095941;57.065000000;100;9505768141;S
20240202;095941;57.065000000;200;9505768142;S
20240202;095941;57.065000000;600;9505768143;S
20240202;095941;57.065000000;200;9505768144;S
20240202;095941;57.065000000;100;9505768145;S
20240202;095941;57.065000000;300;9505768146;B
20240202;095941;57.065000000;100;9505768147;B
20240202;095941;57.065000000;300;9505768148;B
20240202;095941;57.065000000;100;9505768149;S
20240202;095941;57.065000000;300;9505768150;B
20240202;095941;57.065000000;1000;9505768151;B
20240202;095941;57.065000000;300;9505768152;B
20240202;095941;57.065000000;200;9505768153;B
20240202;095941;57.065000000;500;9505768154;B
20240202;095941;57.065000000;100;9505768155;S
20240202;095941;57.065000000;100;9505768156;S
20240202;095941;57.065000000;100;9505768157;S
20240202;095941;57.065000000;4200;9505768158;B
20240202;095941;57.065000000;100;9505768159;B
20240202;095941;57.065000000;6000;9505768160;B
20240202;100000;57.065000000;1000;9505772770;B
20240202;100000;57.065000000;1000;9505772793;B
20240202;100000;57.065000000;2000;9505772876;B
20240202;100000;57.025000000;100;9505773008;B
20240202;100000;57.025000000;1000;9505773027;B
20240202;100000;57.025000000;100;9505773030;B
20240202;100000;57.065000000;1300;9505773031;B
20240202;100000;57.065000000;300;9505773032;B
20240202;100000;57.070000000;3300;9505773033;B
20240202;100000;57.070000000;200;9505773170;B
20240202;100000;57.065000000;2000;9505773171;S
20240202;100000;57.070000000;1000;9505773332;B
20240202;100001;57.065000000;3600;9505774040;B
20240202;100001;57.065000000;3600;9505774063;B
20240202;100001;57.065000000;1300;9505774405;B
20240202;100001;57.070000000;500;9505774574;B
20240202;100001;57.060000000;500;9505774609;S
20240202;100001;57.060000000;1000;9505774672;S
20240202;100001;57.065000000;100;9505774940;B
20240202;100002;57.065000000;1000;9505775232;B
20240202;100003;57.065000000;500;9505776022;B
20240202;100003;57.065000000;1700;9505776023;B
20240202;100003;57.070000000;1800;9505776024;B
20240202;100005;57.060000000;500;9505776996;S
20240202;100005;57.060000000;100;9505776997;S
20240202;100005;57.060000000;200;9505777772;S
20240202;100005;57.060000000;700;9505778291;S
20240202;100005;57.060000000;300;9505778292;S
20240202;100006;57.065000000;100;9505779428;B
20240202;100007;57.060000000;100;9505779548;S
20240202;100008;57.060000000;600;9505780451;S
20240202;100008;57.060000000;1000;9505780452;S
20240202;100008;57.060000000;500;9505780453;S
20240202;100008;57.060000000;1100;9505780510;B
20240202;100008;57.065000000;900;9505780511;B
20240202;100008;57.065000000;500;9505780546;B
20240202;100008;57.045000000;3700;9505780920;B
20240202;100009;57.070000000;100;9505780932;B
20240202;100010;57.070000000;1000;9505781301;B
20240202;100010;57.070000000;100;9505781439;B
20240202;100010;57.070000000;100;9505781460;B
20240202;100010;57.045000000;100;9505781538;S
20240202;100010;57.060000000;200;9505781546;B
20240202;100010;57.065000000;100;9505781564;B
20240202;100010;57.040000000;1600;9505781729;S
20240202;100010;57.055000000;400;9505781758;B
20240202;100010;57.060000000;3600;9505781759;B
20240202;100010;57.065000000;5200;9505781760;B
20240202;100010;57.070000000;200;9505781761;B
20240202;100010;57.075000000;600;9505781762;S
20240202;100010;57.075000000;200;9505781764;B
20240202;100010;57.040000000;600;9505781801;S
20240202;100011;57.075000000;300;9505781872;B
20240202;100011;57.075000000;100;9505781904;B
20240202;100011;57.075000000;100;9505781973;B
20240202;100011;57.075000000;1200;9505782058;B
20240202;100011;57.075000000;200;9505782124;B
20240202;100011;57.080000000;100;9505782137;B
20240202;100011;57.080000000;100;9505782166;B
20240202;100011;57.080000000;100;9505782196;B
20240202;100011;57.080000000;200;9505782200;B
20240202;100011;57.080000000;100;9505782269;B
20240202;100011;57.090000000;100;9505782304;B
20240202;100012;57.060000000;1000;9505782363;B
20240202;100012;57.065000000;1400;9505782513;B
20240202;100016;57.100000000;100;9505783607;B
20240202;100016;57.100000000;100;9505783608;B
20240202;100016;57.100000000;400;9505783610;B
20240202;100016;57.100000000;500;9505783611;B
20240202;100016;57.100000000;200;9505783612;B
20240202;100017;57.105000000;4000;9505783742;B
20240202;100017;57.100000000;100;9505783791;S
20240202;100017;57.100000000;200;9505783827;S
20240202;100018;57.105000000;2000;9505784092;B
20240202;100018;57.105000000;9500;9505784335;B
20240202;100018;57.110000000;5600;9505784340;B
20240202;100019;57.110000000;100;9505784583;B
20240202;100019;57.110000000;100;9505784584;B
20240202;100019;57.105000000;400;9505784779;S
20240202;100019;57.105000000;200;9505784897;S
20240202;100020;57.110000000;9800;9505785423;B
20240202;100020;57.110000000;200;9505785424;B
20240202;100020;57.110000000;400;9505786078;B
20240202;100021;57.110000000;10000;9505786443;B
20240202;100022;57.110000000;3000;9505787774;B
20240202;100022;57.110000000;2000;9505787775;B
20240202;100022;57.110000000;3000;9505787776;B
20240202;100022;57.110000000;2000;9505787777;B
20240202;100022;57.135000000;1000;9505787895;B
20240202;100022;57.135000000;2000;9505787996;B
20240202;100022;57.135000000;3000;9505788003;B
20240202;100022;57.135000000;1000;9505788123;B
20240202;100023;57.135000000;2000;9505788619;B
20240202;100023;57.135000000;2000;9505788620;B
20240202;100023;57.135000000;1000;9505788679;B
20240202;100023;57.135000000;1000;9505788925;S
20240202;100023;57.135000000;1300;9505788926;S
20240202;100023;57.135000000;1000;9505788927;S
20240202;100024;57.135000000;200;9505789178;S
20240202;100025;57.140000000;1000;9505789616;B
20240202;100025;57.140000000;2000;9505789707;B
20240202;100025;57.140000000;2000;9505789708;B
20240202;100025;57.140000000;100;9505789843;B
20240202;100025;57.140000000;1000;9505789902;B
20240202;100025;57.135000000;200;9505789928;S
20240202;100025;57.140000000;8700;9505789970;B
20240202;100025;57.140000000;800;9505789995;B
20240202;100025;57.145000000;1500;9505790003;B
20240202;100025;57.145000000;500;9505790004;B
20240202;100026;57.155000000;2000;9505790065;S
20240202;100026;57.155000000;4300;9505790066;S
20240202;100026;57.155000000;800;9505790067;S
20240202;100026;57.155000000;1000;9505790068;S
20240202;100026;57.155000000;1000;9505790069;S
20240202;100026;57.155000000;1000;9505790070;S
20240202;100026;57.155000000;1000;9505790071;S
20240202;100026;57.155000000;1000;9505790072;S
20240202;100026;57.155000000;1000;9505790073;S
20240202;100026;57.155000000;1000;9505790074;S
20240202;100026;57.155000000;1000;9505790075;S
20240202;100026;57.155000000;1000;9505790076;S
20240202;100026;57.155000000;5000;9505790077;S
20240202;100026;57.155000000;5000;9505790078;S
20240202;100026;57.155000000;5000;9505790079;S
20240202;100026;57.155000000;5000;9505790080;S
20240202;100026;57.155000000;5000;9505790081;S
20240202;100026;57.155000000;5000;9505790082;S
20240202;100026;57.155000000;3800;9505790083;S
20240202;100026;57.160000000;500;9505790166;B
20240202;100026;57.170000000;500;9505790167;B
20240202;100026;57.170000000;300;9505790168;B
20240202;100026;57.170000000;600;9505790169;B
20240202;100026;57.175000000;100;9505790170;B
20240202;100026;57.175000000;2600;9505790214;B
20240202;100026;57.175000000;100;9505790234;B
20240202;100026;57.175000000;1000;9505790347;B
20240202;100026;57.170000000;1000;9505790946;S
20240202;100026;57.170000000;1000;9505790947;S
20240202;100026;57.170000000;1000;9505790948;S
20240202;100026;57.170000000;300;9505790949;S
20240202;100027;57.175000000;1300;9505791076;B
20240202;100027;57.185000000;100;9505791077;S
20240202;100027;57.185000000;600;9505791083;S
20240202;100027;57.185000000;600;9505791084;S
20240202;100027;57.185000000;400;9505791085;S
20240202;100027;57.185000000;1000;9505791086;B
20240202;100027;57.185000000;400;9505791087;B
20240202;100027;57.185000000;300;9505791088;S
20240202;100027;57.185000000;300;9505791089;S
20240202;100027;57.185000000;300;9505791090;S
20240202;100027;57.185000000;400;9505791091;S
20240202;100027;57.185000000;1000;9505791092;B
20240202;100027;57.185000000;1400;9505791094;S
20240202;100027;57.185000000;100;9505791118;S
20240202;100027;57.190000000;400;9505791165;B
20240202;100027;57.185000000;1000;9505791178;S
20240202;100028;57.185000000;400;9505791641;S
20240202;100030;57.185000000;100;9505792487;S
20240202;100030;57.185000000;100;9505792488;S
20240202;100031;57.190000000;100;9505792813;B
20240202;100031;57.190000000;1800;9505792814;B
20240202;100031;57.190000000;1100;9505792815;B
20240202;100031;57.190000000;300;9505793044;B
20240202;100031;57.190000000;3100;9505793045;B
20240202;100031;57.195000000;1400;9505793046;B
20240202;100031;57.195000000;1300;9505793047;B
20240202;100031;57.200000000;100;9505793048;B
20240202;100031;57.200000000;1500;9505793049;B
20240202;100031;57.200000000;1000;9505793050;B
20240202;100031;57.200000000;100;9505793051;B
20240202;100031;57.200000000;1400;9505793052;B
20240202;100031;57.205000000;1400;9505793053;S
20240202;100032;57.210000000;1400;9505793390;B
20240202;100032;57.215000000;1400;9505793391;B
20240202;100032;57.215000000;700;9505793392;B
20240202;100032;57.215000000;1000;9505793393;B
20240202;100032;57.215000000;700;9505793394;B
20240202;100032;57.215000000;700;9505793395;B
20240202;100032;57.215000000;1000;9505793400;B
20240202;100032;57.215000000;400;9505793401;B
20240202;100032;57.215000000;200;9505793441;S
20240202;100033;57.215000000;100;9505793744;S
20240202;100035;57.215000000;200;9505794358;S
20240202;100035;57.215000000;100;9505794375;S
20240202;100036;57.215000000;1000;9505794696;S
20240202;100036;57.215000000;1000;9505794697;S
20240202;100036;57.215000000;1000;9505794698;S
20240202;100036;57.215000000;3000;9505794699;S
20240202;100036;57.215000000;1100;9505794700;S
20240202;100036;57.215000000;5000;9505794701;S
20240202;100036;57.215000000;5000;9505794702;S
20240202;100036;57.215000000;2900;9505794703;S
20240202;100037;57.215000000;2100;9505794942;S
20240202;100037;57.215000000;5000;9505794943;S
20240202;100037;57.215000000;5000;9505794944;S
20240202;100037;57.215000000;2000;9505794945;S
20240202;100037;57.215000000;1000;9505794946;S
20240202;100037;57.215000000;2000;9505794947;S
20240202;100037;57.215000000;5000;9505794948;S
20240202;100037;57.215000000;2000;9505794949;S
20240202;100037;57.215000000;5000;9505794950;S
20240202;100037;57.215000000;5000;9505794951;S
20240202;100037;57.215000000;1400;9505794952;S
20240202;100037;57.205000000;1400;9505794953;S
20240202;100037;57.200000000;300;9505795017;S
20240202;100040;57.205000000;100;9505795932;B
20240202;100045;57.205000000;2000;9505797447;B
20240202;100045;57.205000000;700;9505797509;B
20240202;100046;57.200000000;9500;9505797706;S
20240202;100046;57.185000000;700;9505797708;S
20240202;100047;57.195000000;2000;9505798146;B
20240202;100047;57.195000000;300;9505798147;B
20240202;100047;57.200000000;1300;9505798148;B
20240202;100047;57.205000000;400;9505798149;B
20240202;100047;57.195000000;1000;9505798150;B
20240202;100047;57.195000000;1000;9505798151;B
20240202;100047;57.195000000;2000;9505798154;B
20240202;100047;57.200000000;1700;9505798251;B
20240202;100048;57.200000000;500;9505798325;B
20240202;100050;57.155000000;1000;9505798958;S
20240202;100050;57.155000000;500;9505798959;S
20240202;100050;57.155000000;200;9505799060;S
20240202;100051;57.170000000;100;9505799231;B
20240202;100053;57.175000000;1300;9505799752;S
20240202;100054;57.170000000;500;9505799965;B
20240202;100054;57.155000000;400;9505800161;B
20240202;100055;57.155000000;5600;9505800317;B
20240202;100059;57.185000000;500;9505801294;B
20240202;100059;57.145000000;100;9505801417;S
20240202;100102;57.185000000;300;9505802018;B
20240202;100104;57.185000000;3600;9505802664;B
20240202;100104;57.190000000;1400;9505802665;B
20240202;100107;57.185000000;500;9505803317;S
20240202;100107;57.185000000;4300;9505803318;S
20240202;100109;57.175000000;1000;9505803632;S
20240202;100109;57.170000000;300;9505803839;S
20240202;100109;57.170000000;700;9505803840;S
20240202;100113;57.175000000;2400;9505804538;S
20240202;100113;57.175000000;200;9505804613;S
20240202;100114;57.180000000;300;9505804687;B
20240202;100117;57.155000000;300;9505805426;S
20240202;100119;57.170000000;400;9505805787;B
20240202;100122;57.170000000;1100;9505806329;B
20240202;100122;57.180000000;1000;9505806330;B
20240202;100122;57.185000000;2200;9505806331;B
20240202;100122;57.180000000;2900;9505806370;S
20240202;100122;57.180000000;1000;9505806469;S
20240202;100124;57.180000000;5500;9505806647;S
20240202;100124;57.185000000;500;9505806659;B
20240202;100134;57.180000000;500;9505808745;S
20240202;100136;57.180000000;1300;9505809195;S
20240202;100137;57.180000000;4500;9505809529;S
20240202;100140;57.180000000;900;9505810099;S
20240202;100144;57.185000000;100;9505810757;B
20240202;100145;57.180000000;7200;9505811043;S
20240202;100145;57.150000000;46600;9505811044;S
20240202;100150;57.155000000;200;9505811925;B
20240202;100150;57.150000000;3400;9505812046;S
20240202;100150;57.150000000;1600;9505812047;S
20240202;100156;57.150000000;2200;9505813106;S
20240202;100156;57.145000000;100;9505813107;S
20240202;100156;57.135000000;200;9505813134;B
20240202;100158;57.125000000;200;9505813633;S
20240202;100159;57.100000000;100;9505813768;S
20240202;100200;57.100000000;1000;9505814090;S
20240202;100200;57.100000000;2000;9505814091;S
20240202;100202;57.100000000;900;9505814401;B
20240202;100202;57.095000000;4500;9505814471;S
20240202;100202;57.095000000;2500;9505814472;S
20240202;100202;57.080000000;4300;9505814490;S
20240202;100202;57.080000000;700;9505814491;S
20240202;100203;57.075000000;1000;9505814556;B
20240202;100204;57.090000000;1000;9505814771;B
20240202;100205;57.090000000;3600;9505815142;B
20240202;100206;57.095000000;500;9505815179;B
20240202;100209;57.090000000;400;9505815800;S
20240202;100209;57.085000000;1000;9505815801;S
20240202;100209;57.085000000;2000;9505815802;S
20240202;100209;57.085000000;1000;9505815803;S
20240202;100209;57.065000000;400;9505815804;S
20240202;100209;57.065000000;2200;9505815805;S
20240202;100211;57.070000000;5000;9505816214;B
20240202;100213;57.065000000;1000;9505816455;S
20240202;100213;57.065000000;700;9505816456;S
20240202;100213;57.060000000;1300;9505816457;S
20240202;100213;57.060000000;2500;9505816458;S
20240202;100215;57.060000000;800;9505816934;S
20240202;100217;57.055000000;300;9505817594;B
20240202;100218;57.055000000;400;9505817934;B
20240202;100218;57.045000000;200;9505817990;S
20240202;100218;57.055000000;400;9505818015;B
20240202;100223;57.050000000;4300;9505819241;S
20240202;100223;57.045000000;600;9505819242;S
20240202;100223;57.045000000;1400;9505819243;S
20240202;100223;57.040000000;1400;9505819244;S
20240202;100223;57.040000000;2000;9505819245;S
20240202;100223;57.040000000;300;9505819246;S
20240202;100223;57.040000000;12600;9505819247;S
20240202;100230;57.030000000;1000;9505820431;B
20240202;100232;57.040000000;1000;9505820989;S
20240202;100232;57.040000000;800;9505820990;S
20240202;100234;57.045000000;3000;9505821639;B
20240202;100234;57.045000000;1800;9505821640;B
20240202;100234;57.050000000;200;9505821641;B
20240202;100238;57.045000000;4300;9505822503;S
20240202;100238;57.040000000;1200;9505822528;S
20240202;100238;57.040000000;1000;9505822529;S
20240202;100238;57.040000000;1000;9505822530;S
20240202;100238;57.040000000;4000;9505822531;S
20240202;100238;57.040000000;4300;9505822532;S
20240202;100238;57.030000000;3300;9505822533;S
20240202;100238;57.030000000;2000;9505822534;S
20240202;100239;57.025000000;800;9505822884;B
20240202;100240;57.025000000;100;9505823061;B
20240202;100242;57.020000000;100;9505823365;S
20240202;100244;57.020000000;900;9505823960;S
20240202;100244;57.020000000;200;9505823961;S
20240202;100244;57.020000000;2000;9505823962;S
20240202;100244;57.020000000;1000;9505823963;S
20240202;100244;57.020000000;600;9505823964;S
20240202;100244;57.010000000;300;9505823965;S
20240202;100244;57.010000000;2000;9505823966;S
20240202;100244;57.010000000;2000;9505823967;S
20240202;100244;57.010000000;4300;9505823968;S
20240202;100244;57.005000000;100;9505823969;S
20240202;100244;57.005000000;1400;9505823970;S
20240202;100244;57.005000000;5200;9505823971;S
20240202;100247;57.010000000;1500;9505824740;S
20240202;100247;57.015000000;600;9505824749;B
20240202;100248;57.015000000;200;9505824898;B
20240202;100249;57.010000000;500;9505825185;S
20240202;100249;57.010000000;1000;9505825186;S
20240202;100249;57.010000000;100;9505825187;S
20240202;100249;57.010000000;1000;9505825188;S
20240202;100249;57.000000000;7000;9505825189;S
20240202;100249;57.000000000;2000;9505825190;S
20240202;100249;57.000000000;100;9505825191;S
20240202;100249;57.000000000;700;9505825192;S
20240202;100249;57.000000000;1200;9505825193;S
20240202;100250;57.015000000;900;9505825364;B
20240202;100250;57.015000000;2100;9505825365;B
20240202;100250;57.010000000;700;9505825370;S
20240202;100252;57.020000000;3600;9505825879;S
20240202;100252;57.020000000;1400;9505825880;S
20240202;100252;57.015000000;2300;9505825881;S
20240202;100254;57.025000000;3200;9505826129;B
20240202;100254;57.025000000;800;9505826130;B
20240202;100255;57.025000000;1300;9505826405;S
20240202;100257;57.030000000;100;9505826904;B
20240202;100257;57.025000000;100;9505826923;S
20240202;100259;57.025000000;700;9505827290;S
20240202;100302;57.030000000;500;9505827853;B
20240202;100303;57.030000000;8800;9505828180;B
20240202;100304;57.040000000;600;9505828351;S
20240202;100304;57.030000000;16800;9505828352;S
20240202;100305;57.030000000;8300;9505828601;S
20240202;100305;57.030000000;1100;9505828602;S
20240202;100309;57.025000000;700;9505829337;S
20240202;100313;57.040000000;1000;9505830054;B
20240202;100313;57.025000000;500;9505830131;S
20240202;100314;57.045000000;500;9505830399;B
20240202;100314;57.025000000;16800;9505830407;S
20240202;100317;57.020000000;2000;9505831129;B
20240202;100319;57.025000000;10000;9505831531;B
20240202;100320;57.025000000;1800;9505831577;B
20240202;100320;57.025000000;100;9505831627;B
20240202;100325;57.015000000;3600;9505832442;S
20240202;100325;57.010000000;4300;9505832443;S
20240202;100328;57.005000000;100;9505833118;S
20240202;100328;57.000000000;100;9505833119;S
20240202;100329;57.010000000;2500;9505833234;B
20240202;100333;57.010000000;2800;9505834235;B
20240202;100339;57.000000000;200;9505835886;S
20240202;100339;57.000000000;200;9505835887;S
20240202;100339;56.985000000;100;9505835899;S
20240202;100339;56.985000000;100;9505835900;S
20240202;100339;56.985000000;1800;9505835901;S
20240202;100339;56.985000000;1800;9505835903;S
20240202;100340;56.980000000;2000;9505835923;S
20240202;100340;56.985000000;2000;9505835936;B
20240202;100340;56.985000000;1400;9505835937;B
20240202;100340;56.985000000;1600;9505835938;B
20240202;100340;56.985000000;500;9505835958;B
20240202;100340;56.980000000;4000;9505836174;S
20240202;100341;56.985000000;100;9505836262;B
20240202;100341;56.980000000;200;9505836512;S
20240202;100347;56.980000000;300;9505837726;S
20240202;100348;56.980000000;1000;9505838015;S
20240202;100348;56.980000000;13300;9505838016;S
20240202;100348;56.980000000;3000;9505838017;S
20240202;100348;56.980000000;1000;9505838018;S
20240202;100348;56.980000000;3000;9505838019;S
20240202;100348;56.980000000;3000;9505838022;S
20240202;100348;56.980000000;9200;9505838043;S
20240202;100348;56.980000000;3300;9505838044;S
20240202;100348;56.975000000;300;9505838045;S
20240202;100348;56.955000000;100;9505838048;S
20240202;100349;56.950000000;500;9505838091;S
20240202;100349;56.950000000;400;9505838092;S
20240202;100349;56.950000000;400;9505838140;S
20240202;100349;56.955000000;300;9505838195;B
20240202;100352;56.950000000;200;9505838863;S
20240202;100352;56.945000000;100;9505838866;S
20240202;100352;56.940000000;1000;9505838899;B
20240202;100352;56.940000000;3500;9505838900;B
20240202;100352;56.940000000;800;9505838972;B
20240202;100352;56.940000000;3000;9505838973;B
20240202;100352;56.940000000;1200;9505838974;B
20240202;100352;56.940000000;100;9505838975;B
20240202;100354;56.935000000;100;9505839416;S
20240202;100357;56.935000000;4200;9505840045;S
20240202;100357;56.935000000;300;9505840046;S
20240202;100357;56.935000000;300;9505840047;S
20240202;100357;56.935000000;500;9505840048;S
20240202;100357;56.930000000;1800;9505840049;S
20240202;100357;56.930000000;100;9505840050;S
20240202;100357;56.930000000;100;9505840051;S
20240202;100357;56.930000000;7700;9505840052;S
20240202;100357;56.930000000;100;9505840053;S
20240202;100357;56.930000000;100;9505840054;S
20240202;100357;56.930000000;100;9505840055;S
20240202;100357;56.930000000;300;9505840056;S
20240202;100357;56.930000000;100;9505840057;S
20240202;100357;56.925000000;100;9505840058;S
20240202;100357;56.910000000;100;9505840059;S
20240202;100357;56.905000000;100;9505840060;S
20240202;100357;56.905000000;100;9505840061;S
20240202;100357;56.905000000;1000;9505840062;S
20240202;100357;56.905000000;800;9505840063;S
20240202;100357;56.905000000;6100;9505840064;S
20240202;100357;56.900000000;2000;9505840065;S
20240202;100357;56.900000000;100;9505840066;S
20240202;100357;56.900000000;1400;9505840067;S
20240202;100357;56.895000000;1000;9505840068;S
20240202;100357;56.895000000;100;9505840069;S
20240202;100357;56.895000000;1400;9505840070;S
20240202;100357;56.895000000;200;9505840071;S
20240202;100357;56.890000000;9800;9505840072;S
20240202;100357;56.905000000;400;9505840161;B
20240202;100358;56.885000000;700;9505840303;B
20240202;100358;56.905000000;3300;9505840308;B
20240202;100358;56.905000000;200;9505840334;B
20240202;100358;56.905000000;100;9505840335;B
20240202;100358;56.910000000;100;9505840336;B
20240202;100358;56.910000000;100;9505840358;B
20240202;100358;56.880000000;100;9505840364;S
20240202;100359;56.880000000;300;9505840516;S
20240202;100359;56.880000000;100;9505840517;S
20240202;100403;56.900000000;200;9505841810;S
20240202;100403;56.900000000;100;9505841812;S
20240202;100404;56.910000000;300;9505841999;B
20240202;100405;56.885000000;3600;9505842235;S
20240202;100410;56.885000000;500;9505842986;B
20240202;100411;56.885000000;2000;9505843067;B
20240202;100411;56.885000000;3500;9505843078;B
20240202;100411;56.890000000;5000;9505843079;B
20240202;100411;56.890000000;1500;9505843080;B
20240202;100412;56.890000000;300;9505843228;S
20240202;100412;56.885000000;2800;9505843229;S
20240202;100412;56.885000000;1400;9505843230;S
20240202;100412;56.880000000;600;9505843231;S
20240202;100414;56.885000000;600;9505843998;S
20240202;100418;56.885000000;100;9505844811;S
20240202;100420;56.890000000;100;9505845304;B
20240202;100424;56.885000000;300;9505846147;S
20240202;100424;56.885000000;300;9505846148;S
20240202;100424;56.885000000;100;9505846149;S
20240202;100425;56.885000000;1900;9505846443;S
20240202;100426;56.885000000;4300;9505846490;B
20240202;100426;56.890000000;100;9505846491;B
20240202;100426;56.890000000;1400;9505846542;S
20240202;100426;56.890000000;100;9505846710;B
20240202;100426;56.900000000;200;9505846711;B
20240202;100430;56.905000000;4300;9505847362;B
20240202;100430;56.925000000;100;9505847389;S
20240202;100433;56.925000000;600;9505847959;S
20240202;100433;56.930000000;1000;9505847966;B
20240202;100434;56.925000000;700;9505848130;S
20240202;100434;56.925000000;1400;9505848131;S
20240202;100434;56.920000000;1000;9505848132;S
20240202;100436;56.920000000;1000;9505848388;B
20240202;100436;56.915000000;1400;9505848512;S
20240202;100436;56.915000000;1100;9505848513;S
20240202;100437;56.920000000;1000;9505848831;B
20240202;100439;56.920000000;1000;9505849082;B
20240202;100440;56.920000000;1000;9505849313;B
20240202;100441;56.920000000;900;9505849545;B
20240202;100441;56.920000000;100;9505849546;B
20240202;100441;56.925000000;105100;9505849547;B
20240202;100441;56.955000000;100;9505849548;B
20240202;100442;56.975000000;100;9505849622;B
20240202;100442;56.975000000;4200;9505849677;B
20240202;100442;56.980000000;1400;9505849678;B
20240202;100442;56.980000000;400;9505849679;B
20240202;100442;56.985000000;100;9505849680;B
20240202;100442;56.985000000;2000;9505849681;B
20240202;100442;56.985000000;1100;9505849682;B
20240202;100442;56.995000000;2000;9505849683;B
20240202;100442;56.995000000;800;9505849684;B
20240202;100442;56.990000000;4300;9505849685;B
20240202;100442;56.995000000;1000;9505849708;B
20240202;100442;56.995000000;200;9505849712;B
20240202;100445;56.990000000;700;9505850025;S
20240202;100445;56.985000000;2300;9505850026;S
20240202;100446;56.990000000;100;9505850194;B
20240202;100448;56.990000000;4900;9505850786;B
20240202;100448;56.990000000;300;9505850787;B
20240202;100448;56.990000000;1000;9505850788;B
20240202;100448;56.995000000;2000;9505850790;B
20240202;100448;57.000000000;10000;9505850793;B
20240202;100450;57.030000000;1000;9505851078;S
20240202;100456;57.035000000;100;9505851956;B
20240202;100456;57.030000000;400;9505851979;S
20240202;100458;57.030000000;100;9505852353;S
20240202;100458;57.030000000;1000;9505852382;S
20240202;100459;57.030000000;400;9505852556;S
20240202;100500;57.030000000;2100;9505852603;S
20240202;100500;57.030000000;2700;9505852604;S
20240202;100500;57.000000000;500;9505852605;S
20240202;100501;57.010000000;1400;9505852845;S
20240202;100501;57.005000000;100;9505852846;S
20240202;100505;57.005000000;500;9505853741;B
20240202;100505;57.000000000;1400;9505853763;S
20240202;100505;56.995000000;1400;9505853764;S
20240202;100505;56.995000000;500;9505853765;S
20240202;100505;56.990000000;1400;9505853766;S
20240202;100507;56.970000000;400;9505854252;B
20240202;100508;56.970000000;100;9505854380;B
20240202;100508;56.970000000;400;9505854407;B
20240202;100510;56.990000000;2800;9505854780;B
20240202;100510;56.990000000;500;9505854781;B
20240202;100511;56.990000000;200;9505854932;S
20240202;100511;56.985000000;500;9505854933;S
20240202;100511;56.980000000;200;9505854934;S
20240202;100513;57.000000000;100;9505855327;B
20240202;100516;56.970000000;100;9505855992;S
20240202;100517;56.965000000;300;9505856176;S
20240202;100520;56.980000000;100;9505856618;B
20240202;100521;56.965000000;15000;9505856800;S
20240202;100521;56.955000000;100;9505856807;B
20240202;100528;56.950000000;500;9505858113;B
20240202;100528;56.950000000;3600;9505858114;B
20240202;100528;56.955000000;2000;9505858115;B
20240202;100528;56.955000000;900;9505858116;B
20240202;100529;56.930000000;1400;9505858251;S
20240202;100529;56.930000000;2200;9505858252;S
20240202;100529;56.930000000;500;9505858253;S
20240202;100529;56.925000000;10000;9505858254;S
20240202;100529;56.925000000;900;9505858255;S
20240202;100530;56.920000000;200;9505858344;S
20240202;100531;56.920000000;2800;9505858606;S
20240202;100534;56.900000000;1000;9505859160;S
20240202;100534;56.895000000;400;9505859161;S
20240202;100534;56.880000000;2600;9505859162;S
20240202;100534;56.880000000;200;9505859163;S
20240202;100534;56.880000000;200;9505859164;S
20240202;100534;56.880000000;600;9505859165;S
20240202;100548;56.885000000;1000;9505861771;B
20240202;100550;56.885000000;1000;9505862206;B
20240202;100550;56.885000000;2800;9505862361;B
20240202;100550;56.890000000;100;9505862400;S
20240202;100551;56.900000000;400;9505862576;B
20240202;100551;56.910000000;600;9505862577;B
20240202;100552;56.915000000;400;9505862705;B
20240202;100552;56.915000000;100;9505862706;B
20240202;100552;56.915000000;500;9505862707;B
20240202;100553;56.895000000;200;9505862900;B
20240202;100553;56.900000000;100;9505862901;B
20240202;100553;56.915000000;700;9505862902;B
20240202;100554;56.915000000;100;9505863075;B
20240202;100554;56.920000000;900;9505863076;B
20240202;100555;56.900000000;600;9505863307;B
20240202;100555;56.915000000;400;9505863308;B
20240202;100555;56.915000000;700;9505863309;B
20240202;100555;56.920000000;1800;9505863310;B
20240202;100556;56.900000000;100;9505863513;B
20240202;100556;56.920000000;900;9505863514;B
20240202;100556;56.900000000;200;9505863521;S
20240202;100558;56.915000000;1000;9505863922;B
20240202;100600;56.915000000;1000;9505864435;B
20240202;100601;56.915000000;100;9505864655;B
20240202;100602;56.915000000;1000;9505864909;B
20240202;100603;56.915000000;1000;9505865055;B
20240202;100603;56.915000000;200;9505865068;B
20240202;100603;56.915000000;100;9505865069;B
20240202;100604;56.915000000;1500;9505865163;B
20240202;100605;56.915000000;1000;9505865397;B
20240202;100606;56.920000000;1000;9505865712;B
20240202;100607;56.915000000;1000;9505866016;B
20240202;100610;56.915000000;100;9505866430;B
20240202;100610;56.915000000;300;9505866437;B
20240202;100610;56.915000000;200;9505866438;B
20240202;100614;56.920000000;100;9505867461;B
20240202;100616;56.910000000;100;9505867886;S
20240202;100616;56.910000000;400;9505867887;S
20240202;100616;56.905000000;100;9505867888;S
20240202;100616;56.905000000;2700;9505867889;S
20240202;100620;56.920000000;500;9505868577;B
20240202;100620;56.920000000;2000;9505868590;B
20240202;100622;56.920000000;300;9505869275;B
20240202;100622;56.920000000;1400;9505869276;B
20240202;100622;56.925000000;1400;9505869277;B
20240202;100622;56.925000000;400;9505869278;B
20240202;100622;56.930000000;700;9505869279;B
20240202;100625;56.930000000;600;9505869829;B
20240202;100625;56.935000000;7500;9505869830;B
20240202;100625;56.935000000;1400;9505869831;B
20240202;100625;56.940000000;500;9505869832;B
20240202;100627;56.910000000;400;9505870272;S
20240202;100627;56.935000000;100;9505870273;B
20240202;100629;56.910000000;2000;9505870623;S
20240202;100630;56.910000000;700;9505870781;S
20240202;100630;56.910000000;400;9505870906;B
20240202;100630;56.910000000;600;9505870907;B
20240202;100631;56.930000000;4300;9505870957;B
20240202;100631;56.935000000;300;9505870958;B
20240202;100636;56.905000000;2300;9505872185;S
20240202;100636;56.890000000;2100;9505872302;S
20240202;100636;56.890000000;100;9505872303;S
20240202;100636;56.890000000;100;9505872367;B
20240202;100637;56.890000000;100;9505872397;B
20240202;100637;56.885000000;500;9505872429;S
20240202;100637;56.885000000;100;9505872579;B
20240202;100637;56.885000000;400;9505872580;B
20240202;100639;56.880000000;100;9505872872;S
20240202;100639;56.880000000;1600;9505872873;S
20240202;100639;56.880000000;100;9505872884;S
20240202;100644;56.885000000;100;9505873984;B
20240202;100644;56.880000000;300;9505873985;S
20240202;100644;56.880000000;700;9505873986;S
20240202;100644;56.880000000;400;9505873987;S
20240202;100644;56.880000000;1000;9505873988;S
20240202;100646;56.880000000;200;9505874800;S
20240202;100647;56.875000000;100;9505875002;S
20240202;100647;56.875000000;100;9505875003;S
20240202;100647;56.870000000;5000;9505875004;S
20240202;100650;56.870000000;200;9505875753;S
20240202;100651;56.875000000;300;9505875869;B
20240202;100651;56.875000000;100;9505875893;B
20240202;100654;56.875000000;2000;9505876417;B
20240202;100654;56.875000000;1000;9505876418;B
20240202;100658;56.870000000;1000;9505877364;S
20240202;100659;56.870000000;2500;9505877416;S
20240202;100659;56.875000000;100;9505877474;B
20240202;100702;56.870000000;600;9505878248;S
20240202;100702;56.875000000;1100;9505878274;B
20240202;100706;56.870000000;700;9505879238;S
20240202;100706;56.870000000;500;9505879239;S
20240202;100706;56.870000000;500;9505879240;S
20240202;100708;56.865000000;300;9505879827;S
20240202;100710;56.865000000;1400;9505880219;S
20240202;100710;56.865000000;1400;9505880220;S
20240202;100710;56.860000000;200;9505880221;S
20240202;100714;56.870000000;400;9505880965;B
20240202;100714;56.870000000;300;9505880966;B
20240202;100714;56.865000000;500;9505881084;S
20240202;100714;56.865000000;400;9505881085;S
20240202;100714;56.865000000;800;9505881126;S
20240202;100715;56.865000000;400;9505881276;B
20240202;100716;56.865000000;200;9505881564;B
20240202;100721;56.865000000;2900;9505882637;B
20240202;100721;56.865000000;4300;9505882638;B
20240202;100721;56.870000000;200;9505882639;B
20240202;100721;56.875000000;400;9505882640;B
20240202;100721;56.880000000;100;9505882641;B
20240202;100721;56.885000000;3000;9505882642;B
20240202;100721;56.900000000;100;9505882643;B
20240202;100721;56.910000000;2400;9505882644;B
20240202;100721;56.915000000;500;9505882645;B
20240202;100721;56.915000000;1400;9505882646;B
20240202;100721;56.915000000;7300;9505882647;S
20240202;100722;56.900000000;100;9505882833;B
20240202;100729;56.900000000;100;9505884685;B
20240202;100731;56.900000000;1100;9505885292;B
20240202;100731;56.900000000;3000;9505885350;B
20240202;100731;56.905000000;400;9505885351;B
20240202;100731;56.910000000;1600;9505885352;B
20240202;100737;56.885000000;200;9505886628;S
20240202;100746;56.885000000;100;9505888214;S
20240202;100746;56.885000000;100;9505888238;S
20240202;100752;56.910000000;1800;9505889666;B
20240202;100756;56.910000000;100;9505890678;B
20240202;100757;56.910000000;1000;9505890803;B
20240202;100809;56.900000000;100;9505893203;S
20240202;100809;56.900000000;1000;9505893204;S
20240202;100809;56.900000000;100;9505893205;S
20240202;100809;56.895000000;3600;9505893206;S
20240202;100812;56.895000000;100;9505893643;B
20240202;100813;56.895000000;100;9505893868;B
20240202;100813;56.895000000;900;9505893869;B
20240202;100813;56.895000000;100;9505893899;B
20240202;100817;56.900000000;100;9505894472;B
20240202;100823;56.900000000;100;9505896288;B
20240202;100829;56.890000000;2000;9505897598;S
20240202;100831;56.885000000;100;9505898064;S
20240202;100834;56.885000000;100;9505898642;B
20240202;100836;56.880000000;1000;9505898944;S
20240202;100836;56.880000000;1000;9505898945;S
20240202;100836;56.880000000;100;9505898946;S
20240202;100836;56.885000000;300;9505898979;B
20240202;100836;56.885000000;100;9505898980;B
20240202;100836;56.885000000;4300;9505898981;B
20240202;100836;56.885000000;100;9505898998;S
20240202;100838;56.900000000;100;9505899338;B
20240202;100838;56.905000000;100;9505899339;B
20240202;100839;56.900000000;3600;9505899522;B
20240202;100839;56.900000000;1000;9505899523;B
20240202;100839;56.900000000;400;9505899524;B
20240202;100843;56.890000000;2000;9505900026;S
20240202;100843;56.890000000;300;9505900027;S
20240202;100843;56.890000000;1000;9505900028;S
20240202;100843;56.880000000;700;9505900029;S
20240202;100852;56.915000000;400;9505901771;B
20240202;100855;56.915000000;200;9505902471;B
20240202;100902;56.895000000;3600;9505903755;S
20240202;100902;56.895000000;1000;9505903756;S
20240202;100902;56.895000000;100;9505903757;S
20240202;100910;56.890000000;2000;9505905774;S
20240202;100913;56.890000000;300;9505906659;S
20240202;100918;56.890000000;1700;9505907687;S
20240202;100924;56.890000000;100;9505908530;B
20240202;100932;56.880000000;200;9505910156;S
20240202;100932;56.880000000;200;9505910277;S
20240202;100932;56.880000000;400;9505910282;S
20240202;100934;56.895000000;100;9505910544;B
20240202;100938;56.880000000;500;9505912093;S
20240202;100938;56.880000000;200;9505912094;S
20240202;100938;56.880000000;400;9505912095;S
20240202;100938;56.875000000;100;9505912096;S
20240202;100938;56.875000000;1000;9505912097;S
20240202;100938;56.870000000;2000;9505912098;S
20240202;100938;56.870000000;800;9505912099;S
20240202;100938;56.870000000;1000;9505912100;S
20240202;100938;56.870000000;2000;9505912101;S
20240202;100938;56.865000000;2000;9505912102;S
20240202;100949;56.885000000;100;9505914040;B
20240202;100950;56.880000000;2000;9505914230;S
20240202;100950;56.870000000;300;9505914231;S
20240202;100956;56.870000000;100;9505915099;S
20240202;100958;56.870000000;200;9505915336;S
20240202;100959;56.880000000;400;9505915578;B
20240202;100959;56.880000000;100;9505915579;B
20240202;101000;56.880000000;500;9505915752;S
20240202;101000;56.880000000;1000;9505915753;S
20240202;101002;56.870000000;1400;9505916023;S
20240202;101002;56.870000000;1000;9505916024;S
20240202;101005;56.875000000;600;9505916592;B
20240202;101010;56.875000000;100;9505917575;B
20240202;101010;56.875000000;100;9505917783;B
20240202;101012;56.865000000;300;9505918041;S
20240202;101012;56.860000000;9800;9505918042;S
20240202;101012;56.860000000;100;9505918043;S
20240202;101012;56.860000000;200;9505918044;S
20240202;101012;56.860000000;100;9505918045;S
20240202;101012;56.860000000;2000;9505918046;S
20240202;101012;56.860000000;6500;9505918047;S
20240202;101012;56.875000000;2800;9505918054;B
20240202;101012;56.875000000;1000;9505918055;B
20240202;101012;56.875000000;400;9505918056;B
20240202;101012;56.880000000;5800;9505918057;B
20240202;101012;56.880000000;1000;9505918058;B
20240202;101012;56.880000000;3000;9505918059;B
20240202;101012;56.880000000;4300;9505918060;B
20240202;101012;56.880000000;1000;9505918076;S
20240202;101019;56.890000000;100;9505919451;B
20240202;101021;56.880000000;700;9505919755;S
20240202;101022;56.880000000;400;9505919979;S
20240202;101025;56.880000000;200;9505920672;S
20240202;101026;56.885000000;400;9505920820;B
20240202;101026;56.890000000;500;9505920821;B
20240202;101029;56.895000000;100;9505921503;B
20240202;101030;56.895000000;500;9505921797;B
20240202;101030;56.895000000;2900;9505921798;B
20240202;101030;56.895000000;400;9505921799;B
20240202;101030;56.900000000;100;9505921800;B
20240202;101030;56.905000000;1000;9505921801;B
20240202;101030;56.905000000;400;9505921802;B
20240202;101030;56.905000000;100;9505921803;B
20240202;101030;56.910000000;500;9505921804;B
20240202;101032;56.895000000;100;9505922472;S
20240202;101032;56.890000000;400;9505922473;S
20240202;101032;56.890000000;500;9505922474;S
20240202;101032;56.885000000;500;9505922475;S
20240202;101034;56.885000000;1500;9505922776;S
20240202;101035;56.915000000;400;9505923006;B
20240202;101035;56.915000000;4500;9505923007;B
20240202;101035;56.920000000;5100;9505923008;B
20240202;101040;56.895000000;2000;9505923931;S
20240202;101040;56.890000000;300;9505923932;S
20240202;101040;56.890000000;400;9505923933;S
20240202;101040;56.885000000;2600;9505923934;S
20240202;101040;56.885000000;2000;9505923935;S
20240202;101040;56.885000000;4900;9505923936;S
20240202;101040;56.885000000;3600;9505923937;S
20240202;101040;56.885000000;1000;9505923938;S
20240202;101040;56.880000000;5600;9505923939;S
20240202;101040;56.885000000;700;9505923952;S
20240202;101045;56.885000000;200;9505924760;S
20240202;101046;56.885000000;1000;9505924801;S
20240202;101048;56.915000000;400;9505925218;B
20240202;101048;56.915000000;500;9505925219;B
20240202;101050;56.885000000;100;9505925450;S
20240202;101050;56.885000000;100;9505925451;S
20240202;101050;56.885000000;1300;9505925452;S
20240202;101051;56.915000000;200;9505925606;B
20240202;101053;56.885000000;100;9505925960;S
20240202;101053;56.885000000;500;9505925961;S
20240202;101053;56.885000000;400;9505925962;S
20240202;101053;56.885000000;100;9505925963;S
20240202;101053;56.885000000;2000;9505925964;S
20240202;101053;56.885000000;3000;9505925965;S
20240202;101053;56.880000000;50800;9505925966;S
20240202;101053;56.880000000;100;9505925967;S
20240202;101053;56.880000000;100;9505925968;S
20240202;101053;56.880000000;1400;9505925969;S
20240202;101053;56.880000000;100;9505925970;S
20240202;101053;56.880000000;200;9505925971;S
20240202;101053;56.880000000;1000;9505925972;S
20240202;101100;56.890000000;300;9505927447;B
20240202;101100;56.890000000;100;9505927590;B
20240202;101100;56.890000000;1000;9505927591;B
20240202;101100;56.900000000;2900;9505927592;B
20240202;101100;56.905000000;1000;9505927593;B
20240202;101100;56.905000000;2900;9505927594;B
20240202;101100;56.910000000;100;9505927595;B
20240202;101100;56.915000000;800;9505927596;B
20240202;101101;56.910000000;6400;9505927660;B
20240202;101101;56.915000000;4300;9505927661;B
20240202;101101;56.915000000;1400;9505927662;B
20240202;101101;56.920000000;2400;9505927663;B
20240202;101101;56.920000000;1400;9505927664;B
20240202;101101;56.920000000;400;9505927665;B
20240202;101101;56.925000000;1000;9505927666;B
20240202;101101;56.925000000;1400;9505927667;B
20240202;101101;56.930000000;300;9505927668;B
20240202;101101;56.930000000;2000;9505927669;B
20240202;101101;56.935000000;800;9505927670;B
20240202;101101;56.940000000;2000;9505927671;B
20240202;101101;56.945000000;2000;9505927672;B
20240202;101101;56.950000000;1700;9505927673;B
20240202;101101;56.945000000;1400;9505927677;B
20240202;101101;56.945000000;1800;9505927678;B
20240202;101101;56.940000000;3000;9505927679;B
20240202;101101;56.940000000;4500;9505927680;B
20240202;101101;56.940000000;1700;9505927682;B
20240202;101101;56.945000000;2500;9505927683;B
20240202;101101;56.945000000;1400;9505927684;B
20240202;101101;56.945000000;100;9505927685;B
20240202;101101;56.910000000;500;9505927742;S
20240202;101102;56.915000000;200;9505928180;S
20240202;101102;56.915000000;1000;9505928181;S
20240202;101102;56.915000000;400;9505928182;S
20240202;101102;56.910000000;5900;9505928183;S
20240202;101102;56.910000000;1000;9505928184;S
20240202;101102;56.905000000;1500;9505928185;S
20240202;101103;56.935000000;4300;9505928394;B
20240202;101103;56.940000000;400;9505928395;B
20240202;101103;56.950000000;300;9505928396;B
20240202;101103;56.950000000;3800;9505928397;B
20240202;101103;56.945000000;3100;9505928398;B
20240202;101103;56.945000000;1500;9505928399;B
20240202;101103;56.950000000;2600;9505928400;B
20240202;101103;56.955000000;7500;9505928401;B
20240202;101103;56.955000000;1400;9505928402;B
20240202;101103;56.955000000;400;9505928403;B
20240202;101103;56.960000000;400;9505928404;B
20240202;101103;56.960000000;4300;9505928405;B
20240202;101103;56.965000000;1400;9505928406;B
20240202;101103;56.965000000;600;9505928407;B
20240202;101103;56.970000000;6300;9505928408;B
20240202;101103;56.970000000;1200;9505928409;B
20240202;101103;56.975000000;2000;9505928410;B
20240202;101103;56.975000000;400;9505928411;B
20240202;101103;56.980000000;2200;9505928412;B
20240202;101103;56.975000000;200;9505928414;B
20240202;101103;56.980000000;3700;9505928415;B
20240202;101106;56.970000000;200;9505928910;B
20240202;101106;56.985000000;1000;9505928911;B
20240202;101106;56.985000000;400;9505928912;B
20240202;101106;56.990000000;7500;9505928913;B
20240202;101106;56.990000000;600;9505928914;B
20240202;101107;56.995000000;200;9505929071;B
20240202;101107;56.995000000;700;9505929072;B
20240202;101107;57.000000000;100;9505929073;B
20240202;101116;56.990000000;200;9505931180;B
20240202;101118;56.990000000;500;9505931523;B
20240202;101118;56.995000000;500;9505931524;B
20240202;101119;56.995000000;100;9505931666;B
20240202;101125;56.960000000;4800;9505932803;S
20240202;101125;56.955000000;500;9505932804;S
20240202;101125;56.950000000;1400;9505932805;S
20240202;101125;56.950000000;3300;9505932806;S
20240202;101128;56.995000000;300;9505933188;B
20240202;101128;56.995000000;100;9505933189;B
20240202;101128;56.995000000;400;9505933190;B
20240202;101128;56.995000000;100;9505933191;B
20240202;101131;56.960000000;600;9505933779;S
20240202;101133;56.990000000;100;9505934087;B
20240202;101134;56.990000000;900;9505934210;B
20240202;101134;56.995000000;200;9505934211;B
20240202;101134;57.000000000;300;9505934212;B
20240202;101134;57.000000000;500;9505934213;B
20240202;101134;57.000000000;400;9505934214;B
20240202;101134;57.000000000;2700;9505934215;B
20240202;101135;57.000000000;1000;9505934466;B
20240202;101136;57.000000000;1300;9505934782;B
20240202;101136;57.005000000;100;9505934783;B
20240202;101150;57.000000000;300;9505937353;B
20240202;101151;57.000000000;900;9505937521;B
20240202;101154;57.000000000;3800;9505938156;B
20240202;101154;57.000000000;400;9505938157;B
20240202;101154;57.000000000;100;9505938158;B
20240202;101159;57.000000000;2800;9505939144;B
20240202;101200;57.000000000;2500;9505939333;B
20240202;101201;57.005000000;200;9505939680;B
20240202;101201;57.005000000;500;9505939682;B
20240202;101202;57.005000000;1100;9505939750;B
20240202;101202;57.005000000;100;9505939766;B
20240202;101203;57.000000000;3600;9505939902;S
20240202;101203;57.000000000;4300;9505939903;S
20240202;101203;57.000000000;1000;9505939904;S
20240202;101203;57.000000000;500;9505939905;S
20240202;101203;56.995000000;2000;9505939906;S
20240202;101203;56.995000000;5000;9505939907;S
20240202;101203;56.995000000;1000;9505939908;S
20240202;101203;56.995000000;600;9505939909;S
20240202;101203;56.995000000;4800;9505939912;B
20240202;101207;56.995000000;100;9505940741;B
20240202;101209;56.990000000;100;9505941073;B
20240202;101209;56.990000000;1000;9505941110;B
20240202;101210;56.990000000;100;9505941153;B
20240202;101215;56.985000000;400;9505941994;S
20240202;101225;56.990000000;500;9505943304;S
20240202;101230;56.995000000;900;9505944211;B
20240202;101231;56.990000000;500;9505944318;S
20240202;101231;56.990000000;2700;9505944319;S
20240202;101233;56.995000000;26200;9505944606;B
20240202;101233;56.995000000;500;9505944607;B
20240202;101234;57.000000000;300;9505944801;B
20240202;101235;56.995000000;800;9505944952;S
20240202;101238;56.995000000;800;9505945595;S
20240202;101238;57.000000000;200;9505945597;B
20240202;101241;57.000000000;200;9505945918;B
20240202;101244;57.000000000;100;9505946275;B
20240202;101244;57.000000000;200;9505946276;B
20240202;101246;57.005000000;2100;9505946638;B
20240202;101250;57.005000000;400;9505947187;B
20240202;101250;57.000000000;1500;9505947228;S
20240202;101250;57.005000000;1000;9505947233;B
20240202;101253;57.005000000;900;9505947580;B
20240202;101301;57.005000000;1100;9505948525;B
20240202;101301;57.005000000;2700;9505948526;B
20240202;101301;57.005000000;1000;9505948527;B
20240202;101301;57.005000000;200;9505948528;B
20240202;101301;57.005000000;200;9505948565;B
20240202;101301;57.000000000;100;9505948566;S
20240202;101301;57.000000000;1000;9505948567;S
20240202;101301;56.995000000;400;9505948568;S
20240202;101301;56.995000000;100;9505948569;S
20240202;101312;57.000000000;1000;9505949858;B
20240202;101312;56.995000000;900;9505949899;S
20240202;101312;56.995000000;100;9505949900;S
20240202;101323;57.000000000;300;9505951373;B
20240202;101324;56.995000000;1000;9505951487;S
20240202;101325;56.995000000;800;9505951651;S
20240202;101328;57.000000000;100;9505952209;B
20240202;101332;57.000000000;900;9505952747;B
20240202;101337;56.995000000;200;9505953396;S
20240202;101342;56.995000000;100;9505953977;B
20240202;101344;56.990000000;1300;9505954275;S
20240202;101349;56.990000000;13700;9505954873;S
20240202;101349;56.980000000;4800;9505954884;S
20240202;101349;56.985000000;200;9505954885;B
20240202;101349;56.985000000;1000;9505954886;B
20240202;101349;56.985000000;400;9505954887;B
20240202;101349;56.985000000;1600;9505954888;S
20240202;101350;56.965000000;100;9505954984;S
20240202;101354;56.960000000;3800;9505955583;S
20240202;101355;56.980000000;400;9505955819;B
20240202;101355;56.980000000;500;9505955820;B
20240202;101355;56.960000000;100;9505955823;S
20240202;101359;56.960000000;100;9505956264;S
20240202;101409;56.980000000;100;9505957392;B
20240202;101414;56.970000000;400;9505958042;B
20240202;101414;56.975000000;600;9505958043;B
20240202;101414;56.965000000;200;9505958100;S
20240202;101418;56.965000000;100;9505958852;S
20240202;101424;56.975000000;200;9505959673;B
20240202;101428;56.975000000;400;9505960110;B
20240202;101428;56.980000000;100;9505960111;B
20240202;101428;56.980000000;3600;9505960112;B
20240202;101428;56.985000000;900;9505960113;B
20240202;101429;56.980000000;100;9505960335;B
20240202;101431;56.980000000;400;9505960601;B
20240202;101432;56.965000000;700;9505960847;S
20240202;101434;56.980000000;200;9505961107;B
20240202;101435;56.980000000;900;9505961148;B
20240202;101437;56.980000000;200;9505961424;B
20240202;101437;56.965000000;300;9505961447;S
20240202;101449;56.975000000;300;9505963099;B
20240202;101450;56.975000000;100;9505963226;B
20240202;101453;56.965000000;100;9505963562;S
20240202;101454;56.965000000;3200;9505963722;S
20240202;101454;56.965000000;400;9505963723;S
20240202;101454;56.960000000;2000;9505963724;S
20240202;101454;56.960000000;2500;9505963725;S
20240202;101454;56.960000000;1900;9505963726;S
20240202;101456;56.960000000;100;9505963951;S
20240202;101458;56.975000000;900;9505964242;B
20240202;101458;56.960000000;1000;9505964280;S
20240202;101501;56.980000000;100;9505964876;B
20240202;101502;56.965000000;100;9505964948;S
20240202;101502;56.980000000;400;9505964949;B
20240202;101502;56.980000000;400;9505964950;B
20240202;101502;56.980000000;200;9505964951;B
20240202;101502;56.965000000;100;9505964955;S
20240202;101502;56.965000000;100;9505964964;S
20240202;101502;56.965000000;1900;9505965146;S
20240202;101507;56.965000000;2100;9505966390;S
20240202;101507;56.965000000;2000;9505966391;S
20240202;101507;56.960000000;2000;9505966392;S
20240202;101510;56.955000000;2000;9505967043;S
20240202;101510;56.955000000;4300;9505967044;S
20240202;101510;56.950000000;200;9505967045;S
20240202;101511;56.940000000;1000;9505967319;B
20240202;101511;56.940000000;2000;9505967320;B
20240202;101513;56.940000000;600;9505967760;B
20240202;101513;56.940000000;400;9505967761;B
20240202;101514;56.935000000;2000;9505967869;S
20240202;101514;56.935000000;4300;9505967870;S
20240202;101516;56.930000000;800;9505968466;S
20240202;101516;56.935000000;400;9505968467;B
20240202;101516;56.935000000;600;9505968468;B
20240202;101519;56.935000000;400;9505969068;B
20240202;101519;56.935000000;600;9505969069;B
20240202;101519;56.935000000;300;9505969104;B
20240202;101519;56.935000000;700;9505969105;B
20240202;101520;56.935000000;200;9505969369;B
20240202;101521;56.935000000;100;9505969447;B
20240202;101521;56.940000000;400;9505969449;B
20240202;101521;56.940000000;600;9505969450;B
20240202;101521;56.940000000;300;9505969495;B
20240202;101523;56.930000000;100;9505969944;S
20240202;101527;56.940000000;100;9505970846;B
20240202;101527;56.945000000;400;9505970847;B
20240202;101527;56.945000000;800;9505970848;B
20240202;101527;56.940000000;3000;9505970849;S
20240202;101530;56.930000000;100;9505971589;S
20240202;101531;56.940000000;500;9505971956;B
20240202;101531;56.940000000;500;9505971957;B
20240202;101537;56.950000000;400;9505973290;B
20240202;101537;56.960000000;500;9505973291;B
20240202;101538;56.940000000;4300;9505973526;S
20240202;101538;56.935000000;400;9505973527;S
20240202;101538;56.925000000;2000;9505973528;S
20240202;101538;56.925000000;200;9505973529;S
20240202;101539;56.940000000;100;9505973690;S
20240202;101540;56.930000000;100;9505973765;S
20240202;101540;56.945000000;100;9505973780;B
20240202;101542;56.925000000;600;9505974272;S
20240202;101542;56.920000000;700;9505974275;S
20240202;101543;56.925000000;400;9505974632;B
20240202;101543;56.925000000;600;9505974633;B
20240202;101545;56.930000000;300;9505975032;B
20240202;101545;56.905000000;100;9505975052;S
20240202;101545;56.925000000;100;9505975068;B
20240202;101548;56.905000000;100;9505975477;S
20240202;101551;56.915000000;400;9505976276;B
20240202;101551;56.920000000;600;9505976277;B
20240202;101551;56.905000000;100;9505976282;S
20240202;101551;56.920000000;100;9505976407;B
20240202;101553;56.920000000;2600;9505976707;B
20240202;101553;56.925000000;100;9505976778;B
20240202;101554;56.925000000;1000;9505976849;B
20240202;101555;56.905000000;300;9505977094;S
20240202;101556;56.925000000;400;9505977289;B
20240202;101556;56.935000000;900;9505977290;B
20240202;101557;56.905000000;100;9505977549;S
20240202;101558;56.935000000;600;9505977595;B
20240202;101559;56.935000000;100;9505977895;B
20240202;101600;56.935000000;300;9505977990;B
20240202;101600;56.940000000;600;9505977991;B
20240202;101602;56.915000000;100;9505978428;S
20240202;101603;56.940000000;400;9505978622;B
20240202;101603;56.945000000;100;9505978623;B
20240202;101604;56.915000000;200;9505978874;B
20240202;101605;56.915000000;200;9505978958;B
20240202;101608;56.915000000;600;9505979471;B
20240202;101608;56.935000000;400;9505979472;S
20240202;101608;56.940000000;100;9505979595;B
20240202;101608;56.940000000;200;9505979612;B
20240202;101611;56.910000000;100;9505980091;S
20240202;101611;56.905000000;100;9505980106;S
20240202;101613;56.905000000;900;9505980474;S
20240202;101617;56.905000000;500;9505981196;S
20240202;101617;56.940000000;400;9505981199;B
20240202;101617;56.945000000;100;9505981200;B
20240202;101618;56.945000000;300;9505981277;B
20240202;101619;56.945000000;1000;9505981413;B
20240202;101623;56.910000000;400;9505982561;S
20240202;101623;56.905000000;500;9505982562;S
20240202;101624;56.940000000;300;9505982915;B
20240202;101628;56.945000000;100;9505983662;B
20240202;101630;56.945000000;500;9505983930;B
20240202;101630;56.950000000;300;9505983931;B
20240202;101632;56.925000000;100;9505984416;S
20240202;101639;56.930000000;500;9505985596;S
20240202;101639;56.945000000;900;9505985646;B
20240202;101642;56.945000000;100;9505986155;B
20240202;101644;56.935000000;2000;9505986554;B
20240202;101646;56.935000000;1000;9505987027;B
20240202;101647;56.935000000;1000;9505987311;B
20240202;101647;56.940000000;400;9505987312;B
20240202;101647;56.940000000;100;9505987313;B
20240202;101647;56.945000000;400;9505987314;B
20240202;101647;56.945000000;2000;9505987315;B
20240202;101647;56.950000000;1700;9505987316;B
20240202;101647;56.950000000;500;9505987317;B
20240202;101647;56.950000000;900;9505987318;B
20240202;101648;56.945000000;100;9505987397;B
20240202;101650;56.945000000;400;9505988090;B
20240202;101652;56.940000000;100;9505988377;S
20240202;101653;56.945000000;100;9505988692;B
20240202;101657;56.950000000;100;9505989327;B
20240202;101702;56.950000000;900;9505990248;B
20240202;101707;56.950000000;100;9505991390;B
20240202;101710;56.950000000;100;9505992305;B
20240202;101712;56.945000000;100;9505992606;S
20240202;101715;56.950000000;600;9505993103;B
20240202;101718;56.945000000;2600;9505993829;S
20240202;101718;56.940000000;1900;9505993830;S
20240202;101718;56.940000000;2000;9505993831;S
20240202;101718;56.940000000;1000;9505993832;S
20240202;101718;56.940000000;5000;9505993833;S
20240202;101718;56.940000000;4700;9505993834;S
20240202;101718;56.935000000;100;9505993839;S
20240202;101718;56.925000000;2600;9505993841;S
20240202;101718;56.915000000;800;9505993842;S
20240202;101720;56.920000000;100;9505994157;B
20240202;101721;56.925000000;100;9505994384;B
20240202;101721;56.925000000;100;9505994397;B
20240202;101721;56.925000000;1000;9505994460;B
20240202;101722;56.900000000;100;9505994681;S
20240202;101722;56.900000000;100;9505994877;S
20240202;101722;56.900000000;2000;9505994878;S
20240202;101722;56.895000000;100;9505994879;S
20240202;101723;56.900000000;100;9505995010;B
20240202;101728;56.915000000;2000;9505996412;B
20240202;101728;56.920000000;300;9505996413;B
20240202;101730;56.915000000;1600;9505996972;B
20240202;101742;56.900000000;500;9505999260;B
20240202;101742;56.910000000;400;9505999261;B
20240202;101742;56.915000000;400;9505999299;B
20240202;101742;56.915000000;100;9505999300;B
20240202;101742;56.920000000;200;9505999301;B
20240202;101742;56.920000000;1400;9505999302;B
20240202;101742;56.925000000;800;9505999303;B
20240202;101742;56.925000000;1400;9505999304;B
20240202;101742;56.925000000;400;9505999305;B
20240202;101742;56.925000000;100;9505999306;B
20240202;101742;56.930000000;1400;9505999307;B
20240202;101742;56.930000000;600;9505999308;B
20240202;101742;56.935000000;2000;9505999309;B
20240202;101742;56.940000000;100;9505999310;B
20240202;101742;56.945000000;2000;9505999311;B
20240202;101742;56.945000000;3600;9505999312;B
20240202;101742;56.950000000;2300;9505999313;B
20240202;101742;56.950000000;3200;9505999314;B
20240202;101746;56.935000000;500;9506000164;B
20240202;101747;56.905000000;100;9506000324;S
20240202;101747;56.905000000;100;9506000325;S
20240202;101751;56.935000000;100;9506001056;B
20240202;101756;56.905000000;300;9506001969;S
20240202;101756;56.905000000;3600;9506001970;S
20240202;101756;56.905000000;1000;9506001971;S
20240202;101756;56.900000000;100;9506001972;S
20240202;101756;56.900000000;1000;9506002015;S
20240202;101756;56.935000000;100;9506002027;B
20240202;101759;56.900000000;100;9506002755;S
20240202;101759;56.935000000;100;9506002773;B
20240202;101804;56.905000000;700;9506004322;B
20240202;101804;56.915000000;200;9506004323;B
20240202;101807;56.915000000;100;9506004766;B
20240202;101815;56.915000000;100;9506006220;B
20240202;101816;56.915000000;500;9506006572;B
20240202;101817;56.915000000;100;9506006847;S
20240202;101818;56.915000000;100;9506006949;B
20240202;101818;56.915000000;100;9506007055;B
20240202;101819;56.905000000;400;9506007120;S
20240202;101819;56.895000000;100;9506007121;S
20240202;101819;56.895000000;500;9506007183;S
20240202;101819;56.895000000;300;9506007239;S
20240202;101823;56.915000000;100;9506007919;B
20240202;101823;56.915000000;600;9506008037;B
20240202;101823;56.920000000;400;9506008038;B
20240202;101823;56.905000000;400;9506008044;S
20240202;101823;56.905000000;100;9506008056;S
20240202;101825;56.905000000;300;9506008404;S
20240202;101829;56.920000000;300;9506009042;B
20240202;101831;56.900000000;100;9506009471;S
20240202;101832;56.900000000;100;9506009499;S
20240202;101833;56.895000000;1400;9506009789;S
20240202;101833;56.895000000;400;9506009790;S
20240202;101833;56.895000000;1000;9506009791;S
20240202;101833;56.890000000;1000;9506009792;S
20240202;101833;56.890000000;1400;9506009793;S
20240202;101833;56.885000000;1000;9506009794;S
20240202;101833;56.885000000;1400;9506009795;S
20240202;101833;56.880000000;2400;9506009796;S
20240202;101833;56.880000000;2000;9506009797;B
20240202;101837;56.875000000;100;9506010446;S
20240202;101837;56.880000000;100;9506010483;B
20240202;101838;56.870000000;100;9506010699;S
20240202;101838;56.870000000;100;9506010700;S
20240202;101838;56.870000000;400;9506010701;S
20240202;101838;56.865000000;700;9506010702;S
20240202;101838;56.875000000;100;9506010739;B
20240202;101838;56.875000000;100;9506010846;B
20240202;101842;56.875000000;200;9506011559;B
20240202;101843;56.865000000;700;9506011772;S
20240202;101843;56.860000000;3500;9506011773;S
20240202;101843;56.860000000;1200;9506011774;S
20240202;101844;56.875000000;900;9506011940;B
20240202;101849;56.865000000;500;9506013336;S
20240202;101855;56.875000000;500;9506014776;B
20240202;101856;56.875000000;300;9506015003;B
20240202;101859;56.860000000;1300;9506015500;S
20240202;101859;56.860000000;400;9506015501;S
20240202;101859;56.860000000;100;9506015502;S
20240202;101859;56.860000000;1400;9506015503;S
20240202;101859;56.860000000;400;9506015504;S
20240202;101859;56.860000000;700;9506015505;S
20240202;101902;56.860000000;100;9506016114;B
20240202;101906;56.855000000;100;9506016907;S
20240202;101906;56.855000000;500;9506016908;S
20240202;101907;56.875000000;200;9506016973;B
20240202;101907;56.875000000;900;9506017003;B
20240202;101916;56.860000000;400;9506018579;S
20240202;101916;56.860000000;500;9506018580;S
20240202;101918;56.860000000;500;9506019292;S
20240202;101918;56.860000000;1800;9506019293;S
20240202;101918;56.860000000;400;9506019294;S
20240202;101918;56.860000000;3500;9506019295;S
20240202;101925;56.855000000;4500;9506020529;S
20240202;101925;56.855000000;300;9506020530;S
20240202;101925;56.855000000;100;9506020531;S
20240202;101925;56.855000000;1000;9506020532;S
20240202;101925;56.855000000;900;9506020533;S
20240202;101925;56.855000000;1400;9506020534;S
20240202;101925;56.855000000;400;9506020535;S
20240202;101925;56.855000000;2000;9506020536;S
20240202;101925;56.855000000;700;9506020537;S
20240202;101925;56.850000000;100;9506020538;S
20240202;101925;56.850000000;100;9506020539;S
20240202;101925;56.850000000;100;9506020540;S
20240202;101925;56.850000000;2000;9506020541;S
20240202;101925;56.850000000;10000;9506020542;S
20240202;101925;56.850000000;100;9506020543;S
20240202;101925;56.850000000;1400;9506020544;S
20240202;101925;56.845000000;1400;9506020545;S
20240202;101925;56.845000000;2000;9506020546;S
20240202;101925;56.845000000;4300;9506020547;S
20240202;101925;56.840000000;10000;9506020548;S
20240202;101925;56.840000000;200;9506020549;S
20240202;101925;56.840000000;100;9506020550;S
20240202;101925;56.840000000;3000;9506020551;S
20240202;101925;56.835000000;3900;9506020552;S
20240202;101925;56.840000000;1400;9506020585;S
20240202;101925;56.840000000;1000;9506020586;S
20240202;101925;56.835000000;2600;9506020587;S
20240202;101925;56.840000000;100;9506020598;S
20240202;101925;56.840000000;800;9506020599;S
20240202;101925;56.850000000;1000;9506020626;B
20240202;101926;56.835000000;1000;9506020685;S
20240202;101929;56.845000000;100;9506021283;B
20240202;101931;56.845000000;2000;9506021680;B
20240202;101935;56.835000000;2500;9506022439;S
20240202;101935;56.835000000;100;9506022440;S
20240202;101935;56.830000000;10000;9506022441;S
20240202;101935;56.830000000;4700;9506022442;S
20240202;101935;56.830000000;1000;9506022443;S
20240202;101935;56.830000000;1400;9506022444;S
20240202;101935;56.830000000;400;9506022445;S
20240202;101935;56.825000000;100;9506022446;S
20240202;101935;56.825000000;100;9506022447;S
20240202;101935;56.825000000;1400;9506022448;S
20240202;101935;56.820000000;100;9506022449;S
20240202;101935;56.820000000;200;9506022450;S
20240202;101935;56.820000000;1000;9506022451;S
20240202;101935;56.820000000;3000;9506022452;S
20240202;101935;56.820000000;1400;9506022453;S
20240202;101935;56.820000000;4000;9506022454;S
20240202;101935;56.815000000;100;9506022455;S
20240202;101935;56.815000000;2000;9506022456;S
20240202;101935;56.815000000;500;9506022457;S
20240202;101935;56.815000000;1300;9506022458;S
20240202;101935;56.810000000;100;9506022459;S
20240202;101935;56.810000000;9200;9506022460;S
20240202;101935;56.805000000;200;9506022461;S
20240202;101935;56.805000000;4000;9506022462;S
20240202;101935;56.805000000;1200;9506022463;S
20240202;101936;56.830000000;100;9506022543;S
20240202;101936;56.830000000;100;9506022569;S
20240202;101936;56.830000000;1000;9506022580;S
20240202;101937;56.830000000;100;9506022672;S
20240202;101943;56.830000000;2000;9506023985;S
20240202;101943;56.830000000;1000;9506023986;S
20240202;101943;56.825000000;400;9506023987;S
20240202;101943;56.825000000;1000;9506023988;S
20240202;101943;56.815000000;1000;9506023989;S
20240202;101943;56.815000000;3000;9506023990;S
20240202;101943;56.815000000;4300;9506023991;S
20240202;101943;56.810000000;1100;9506023992;S
20240202;101943;56.810000000;1000;9506023993;S
20240202;101943;56.810000000;100;9506023994;S
20240202;101943;56.805000000;5800;9506023995;S
20240202;101943;56.805000000;6000;9506023996;S
20240202;101943;56.805000000;1000;9506023997;S
20240202;101943;56.805000000;1400;9506023998;S
20240202;101943;56.800000000;100;9506023999;S
20240202;101943;56.800000000;100;9506024000;S
20240202;101943;56.800000000;1000;9506024001;S
20240202;101943;56.800000000;200;9506024002;S
20240202;101943;56.800000000;2000;9506024003;S
20240202;101943;56.800000000;200;9506024004;S
20240202;101943;56.800000000;100;9506024005;S
20240202;101943;56.800000000;100;9506024006;S
20240202;101943;56.800000000;100;9506024007;S
20240202;101943;56.800000000;100;9506024008;S
20240202;101943;56.800000000;2100;9506024009;S
20240202;101943;56.800000000;1000;9506024010;S
20240202;101943;56.800000000;100;9506024011;S
20240202;101943;56.800000000;3700;9506024012;S
20240202;101943;56.800000000;500;9506024013;S
20240202;101943;56.800000000;1000;9506024014;S
20240202;101943;56.800000000;1400;9506024015;S
20240202;101943;56.795000000;2000;9506024016;S
20240202;101943;56.795000000;1400;9506024017;S
20240202;101943;56.795000000;3700;9506024018;S
20240202;101944;56.800000000;100;9506024045;S
20240202;101944;56.800000000;300;9506024161;S
20240202;101944;56.800000000;600;9506024172;S
20240202;101944;56.800000000;2400;9506024173;S
20240202;101944;56.800000000;600;9506024182;S
20240202;101944;56.800000000;200;9506024183;S
20240202;101944;56.800000000;700;9506024184;S
20240202;101944;56.830000000;400;9506024185;B
20240202;101944;56.830000000;800;9506024186;B
20240202;101944;56.800000000;300;9506024204;S
20240202;101944;56.795000000;1000;9506024205;S
20240202;101944;56.795000000;400;9506024206;S
20240202;101944;56.795000000;300;9506024207;S
20240202;101945;56.795000000;1000;9506024354;S
20240202;101945;56.795000000;800;9506024355;S
20240202;101945;56.830000000;1000;9506024443;B
20240202;101946;56.830000000;900;9506024598;B
20240202;101947;56.795000000;100;9506024730;S
20240202;101947;56.795000000;3000;9506024731;S
20240202;101947;56.795000000;1000;9506024732;S
20240202;101947;56.790000000;100;9506024733;S
20240202;101947;56.790000000;100;9506024734;S
20240202;101947;56.790000000;1000;9506024735;S
20240202;101947;56.790000000;200;9506024736;S
20240202;101947;56.790000000;400;9506024737;S
20240202;101949;56.790000000;600;9506025270;S
20240202;101949;56.790000000;400;9506025271;S
20240202;101949;56.790000000;3000;9506025272;S
20240202;101949;56.785000000;100;9506025273;S
20240202;101949;56.785000000;2900;9506025274;S
20240202;101950;56.785000000;600;9506025434;S
20240202;101950;56.785000000;1000;9506025435;S
20240202;101950;56.785000000;4300;9506025436;S
20240202;101950;56.785000000;2000;9506025437;S
20240202;101950;56.780000000;2100;9506025438;S
20240202;101952;56.815000000;200;9506025836;B
20240202;101955;56.785000000;1400;9506026290;S
20240202;101955;56.785000000;1000;9506026291;S
20240202;101955;56.785000000;100;9506026292;S
20240202;101955;56.780000000;6800;9506026293;S
20240202;101955;56.780000000;100;9506026294;S
20240202;101955;56.815000000;100;9506026296;B
20240202;102001;56.790000000;1000;9506027246;S
20240202;102001;56.790000000;2000;9506027247;S
20240202;102002;56.820000000;200;9506027483;B
20240202;102004;56.825000000;400;9506027947;B
20240202;102004;56.830000000;200;9506027948;B
20240202;102004;56.835000000;100;9506027949;B
20240202;102004;56.835000000;100;9506027995;B
20240202;102005;56.835000000;100;9506028001;B
20240202;102007;56.840000000;1000;9506028442;B
20240202;102009;56.840000000;400;9506028882;B
20240202;102009;56.840000000;400;9506028883;B
20240202;102009;56.845000000;1400;9506028884;B
20240202;102009;56.850000000;2000;9506028885;B
20240202;102009;56.850000000;900;9506028897;B
20240202;102014;56.850000000;600;9506031352;B
20240202;102015;56.850000000;200;9506031552;B
20240202;102020;56.845000000;400;9506034227;B
20240202;102020;56.845000000;2900;9506034228;B
20240202;102020;56.845000000;1600;9506034229;B
20240202;102020;56.815000000;100;9506034289;S
20240202;102020;56.810000000;1400;9506034290;S
20240202;102021;56.815000000;100;9506034717;S
20240202;102022;56.835000000;100;9506035951;B
20240202;102022;56.840000000;1400;9506035966;B
20240202;102022;56.840000000;2100;9506035967;B
20240202;102022;56.845000000;1000;9506035968;B
20240202;102025;56.815000000;2000;9506036851;S
20240202;102028;56.840000000;800;9506037654;B
20240202;102028;56.845000000;100;9506037655;B
20240202;102028;56.845000000;100;9506037656;B
20240202;102031;56.820000000;200;9506038174;S
20240202;102031;56.815000000;400;9506038175;S
20240202;102031;56.815000000;100;9506038176;S
20240202;102031;56.810000000;200;9506038177;S
20240202;102031;56.810000000;2000;9506038993;S
20240202;102033;56.820000000;300;9506039426;S
20240202;102036;56.820000000;100;9506039913;S
20240202;102038;56.845000000;300;9506042568;B
20240202;102041;56.820000000;100;9506042992;S
20240202;102044;56.845000000;100;9506043415;B
20240202;102044;56.845000000;100;9506043437;S
20240202;102044;56.845000000;100;9506043442;S
20240202;102044;56.845000000;100;9506043450;S
20240202;102044;56.845000000;100;9506043460;S
20240202;102045;56.850000000;100;9506043891;B
20240202;102045;56.835000000;400;9506043911;S
20240202;102045;56.830000000;700;9506043912;S
20240202;102046;56.830000000;100;9506044045;S
20240202;102048;56.850000000;200;9506045584;B
20240202;102048;56.855000000;300;9506045585;B
20240202;102048;56.855000000;400;9506045586;B
20240202;102058;56.835000000;200;9506048573;S
20240202;102059;56.820000000;1000;9506048830;S
20240202;102109;56.810000000;100;9506053099;S
20240202;102109;56.810000000;200;9506053100;S
20240202;102109;56.810000000;100;9506053101;S
20240202;102109;56.810000000;300;9506053106;S
20240202;102109;56.810000000;100;9506053107;S
20240202;102109;56.805000000;100;9506053121;B
20240202;102109;56.805000000;200;9506053124;B
20240202;102109;56.805000000;100;9506053125;B
20240202;102109;56.805000000;300;9506053126;B
20240202;102109;56.805000000;100;9506053129;B
20240202;102109;56.805000000;100;9506053142;B
20240202;102109;56.805000000;200;9506053144;B
20240202;102109;56.805000000;100;9506053146;B
20240202;102109;56.805000000;300;9506053148;B
20240202;102109;56.805000000;100;9506053149;B
20240202;102109;56.805000000;1400;9506053184;B
20240202;102109;56.805000000;100;9506053186;B
20240202;102109;56.805000000;200;9506053189;B
20240202;102109;56.805000000;100;9506053190;B
20240202;102109;56.805000000;300;9506053191;B
20240202;102111;56.820000000;900;9506053571;B
20240202;102114;56.820000000;200;9506055011;B
20240202;102114;56.820000000;600;9506055156;B
20240202;102117;56.810000000;100;9506056308;S
20240202;102117;56.810000000;100;9506056309;S
20240202;102117;56.810000000;200;9506056310;S
20240202;102117;56.810000000;100;9506056311;S
20240202;102117;56.810000000;300;9506056312;S
20240202;102117;56.800000000;400;9506056313;S
20240202;102117;56.800000000;200;9506056314;S
20240202;102117;56.790000000;1000;9506056315;S
20240202;102117;56.790000000;1800;9506056316;S
20240202;102117;56.785000000;1000;9506056317;S
20240202;102117;56.785000000;1900;9506056318;S
20240202;102117;56.780000000;100;9506056319;S
20240202;102117;56.780000000;300;9506056320;S
20240202;102118;56.815000000;300;9506056507;B
20240202;102118;56.820000000;700;9506056508;B
20240202;102119;56.815000000;200;9506056645;S
20240202;102119;56.810000000;100;9506056646;S
20240202;102119;56.825000000;300;9506056648;B
20240202;102121;56.815000000;3600;9506057021;B
20240202;102121;56.815000000;100;9506057022;B
20240202;102122;56.810000000;100;9506057657;S
20240202;102122;56.810000000;200;9506057658;S
20240202;102122;56.810000000;100;9506057659;S
20240202;102122;56.810000000;300;9506057660;S
20240202;102122;56.810000000;100;9506057661;S
20240202;102122;56.790000000;400;9506057662;S
20240202;102122;56.785000000;300;9506057663;S
20240202;102123;56.820000000;100;9506057830;B
20240202;102124;56.810000000;200;9506058788;S
20240202;102124;56.810000000;200;9506058789;S
20240202;102126;56.815000000;100;9506059227;B
20240202;102130;56.815000000;1000;9506061199;B
20240202;102130;56.810000000;100;9506061200;S
20240202;102130;56.810000000;100;9506061201;S
20240202;102130;56.810000000;200;9506061202;S
20240202;102130;56.810000000;300;9506061228;B
20240202;102130;56.810000000;100;9506061229;B
20240202;102131;56.815000000;600;9506061601;B
20240202;102134;56.820000000;100;9506062518;B
20240202;102142;56.810000000;200;9506065011;S
20240202;102142;56.810000000;300;9506065012;S
20240202;102142;56.810000000;100;9506065013;S
20240202;102142;56.805000000;200;9506065014;S
20240202;102142;56.810000000;200;9506065061;S
20240202;102142;56.810000000;300;9506065062;S
20240202;102142;56.810000000;100;9506065063;S
20240202;102142;56.805000000;100;9506065064;S
20240202;102143;56.810000000;200;9506065429;S
20240202;102143;56.810000000;200;9506065430;S
20240202;102143;56.810000000;100;9506065431;S
20240202;102143;56.805000000;3300;9506065432;S
20240202;102143;56.805000000;400;9506065433;S
20240202;102143;56.800000000;3000;9506065434;S
20240202;102143;56.800000000;3300;9506065435;S
20240202;102143;56.800000000;100;9506065452;B
20240202;102143;56.800000000;100;9506065453;B
20240202;102144;56.800000000;100;9506065462;B
20240202;102144;56.800000000;200;9506065493;B
20240202;102148;56.800000000;100;9506066494;B
20240202;102149;56.800000000;100;9506066607;B
20240202;102151;56.790000000;300;9506068725;S
20240202;102151;56.800000000;900;9506068802;B
20240202;102153;56.800000000;100;9506069355;B
20240202;102157;56.800000000;900;9506069930;B
20240202;102157;56.800000000;500;9506069932;B
20240202;102200;56.800000000;200;9506070637;B
20240202;102202;56.800000000;100;9506072116;B
20240202;102204;56.795000000;3600;9506072359;S
20240202;102204;56.795000000;2000;9506072360;S
20240202;102204;56.795000000;1000;9506072361;S
20240202;102204;56.790000000;400;9506072362;S
20240202;102206;56.795000000;2000;9506072749;S
20240202;102206;56.795000000;200;9506072750;S
20240202;102207;56.795000000;400;9506073594;S
20240202;102207;56.800000000;100;9506073612;B
20240202;102209;56.795000000;3000;9506073956;S
20240202;102209;56.795000000;2000;9506073957;S
20240202;102209;56.795000000;2500;9506073958;S
20240202;102209;56.795000000;300;9506073959;S
20240202;102209;56.790000000;300;9506073960;S
20240202;102209;56.790000000;1900;9506073961;S
20240202;102210;56.800000000;1000;9506074060;B
20240202;102210;56.795000000;300;9506074132;S
20240202;102211;56.800000000;100;9506074286;B
20240202;102214;56.800000000;100;9506076179;B
20240202;102214;56.810000000;300;9506076180;B
20240202;102214;56.810000000;500;9506076181;B
20240202;102215;56.800000000;2000;9506076687;S
20240202;102216;56.815000000;200;9506076832;B
20240202;102224;56.820000000;100;9506078478;B
20240202;102224;56.820000000;300;9506078492;B
20240202;102225;56.820000000;300;9506079364;B
20240202;102225;56.825000000;100;9506079365;B
20240202;102225;56.825000000;100;9506079366;B
20240202;102226;56.830000000;100;9506079402;B
20240202;102226;56.835000000;500;9506079447;B
20240202;102229;56.835000000;100;9506080470;B
20240202;102232;56.805000000;100;9506080975;S
20240202;102232;56.825000000;1000;9506081223;B
20240202;102246;56.805000000;100;9506086928;S
20240202;102246;56.800000000;200;9506086929;S
20240202;102247;56.805000000;1000;9506087301;B
20240202;102253;56.805000000;400;9506089767;B
20240202;102253;56.825000000;300;9506089768;B
20240202;102253;56.830000000;100;9506089769;B
20240202;102253;56.830000000;100;9506089770;B
20240202;102253;56.830000000;1000;9506089831;B
20240202;102253;56.830000000;1000;9506089861;B
20240202;102253;56.830000000;400;9506089881;B
20240202;102253;56.830000000;100;9506089882;B
20240202;102253;56.835000000;300;9506089883;B
20240202;102253;56.835000000;600;9506089884;B
20240202;102253;56.835000000;100;9506089895;S
20240202;102253;56.840000000;100;9506089974;B
20240202;102254;56.845000000;100;9506090070;B
20240202;102254;56.845000000;1900;9506090071;B
20240202;102254;56.845000000;2000;9506090072;B
20240202;102254;56.850000000;200;9506090078;B
20240202;102254;56.850000000;1800;9506090079;B
20240202;102258;56.860000000;900;9506091000;S
20240202;102259;56.870000000;100;9506091045;B
20240202;102259;56.870000000;200;9506091081;S
20240202;102259;56.875000000;100;9506091101;B
20240202;102259;56.870000000;200;9506091176;S
20240202;102300;56.870000000;700;9506091243;S
20240202;102301;56.865000000;100;9506091744;S
20240202;102301;56.860000000;300;9506091745;S
20240202;102301;56.855000000;200;9506091746;S
20240202;102304;56.865000000;100;9506093647;B
20240202;102308;56.865000000;100;9506094359;B
20240202;102312;56.850000000;100;9506095851;S
20240202;102314;56.820000000;100;9506096198;S
20240202;102315;56.815000000;500;9506096404;S
20240202;102315;56.840000000;100;9506096412;B
20240202;102316;56.845000000;900;9506096467;B
20240202;102319;56.845000000;100;9506096940;B
20240202;102320;56.815000000;1500;9506097402;S
20240202;102320;56.815000000;100;9506097403;S
20240202;102321;56.840000000;200;9506097646;B
20240202;102327;56.835000000;100;9506099272;B
20240202;102331;56.835000000;100;9506101350;B
20240202;102331;56.835000000;300;9506101351;B
20240202;102331;56.840000000;200;9506101352;B
20240202;102332;56.805000000;100;9506101414;S
20240202;102332;56.805000000;100;9506101415;S
20240202;102332;56.840000000;400;9506101417;B
20240202;102332;56.840000000;100;9506101418;B
20240202;102332;56.840000000;300;9506101420;B
20240202;102332;56.840000000;200;9506101421;B
20240202;102332;56.840000000;100;9506101422;B
20240202;102332;56.840000000;400;9506101423;B
20240202;102332;56.840000000;300;9506101426;B
20240202;102332;56.840000000;100;9506101427;B
20240202;102332;56.840000000;300;9506101428;B
20240202;102332;56.845000000;2000;9506101429;B
20240202;102332;56.845000000;100;9506101430;B
20240202;102332;56.845000000;300;9506101431;B
20240202;102332;56.850000000;1000;9506101432;B
20240202;102332;56.850000000;700;9506101433;B
20240202;102332;56.850000000;3600;9506101434;B
20240202;102332;56.855000000;1000;9506101435;B
20240202;102332;56.855000000;900;9506101436;B
20240202;102332;56.855000000;300;9506101437;B
20240202;102332;56.855000000;200;9506101438;B
20240202;102332;56.855000000;300;9506101440;B
20240202;102332;56.855000000;300;9506101442;B
20240202;102332;56.855000000;200;9506101443;B
20240202;102332;56.865000000;800;9506101444;B
20240202;102332;56.855000000;100;9506101445;B
20240202;102332;56.855000000;200;9506101446;B
20240202;102332;56.855000000;200;9506101447;B
20240202;102332;56.855000000;1500;9506101448;B
20240202;102332;56.860000000;1000;9506101449;B
20240202;102332;56.860000000;300;9506101450;B
20240202;102332;56.865000000;2000;9506101451;B
20240202;102332;56.865000000;1200;9506101452;B
20240202;102332;56.865000000;100;9506101454;B
20240202;102332;56.865000000;200;9506101463;B
20240202;102332;56.865000000;400;9506101464;B
20240202;102332;56.865000000;100;9506101473;B
20240202;102332;56.865000000;100;9506101474;B
20240202;102332;56.865000000;600;9506101475;B
20240202;102332;56.865000000;300;9506101476;B
20240202;102332;56.865000000;200;9506101477;B
20240202;102332;56.865000000;300;9506101478;B
20240202;102332;56.865000000;500;9506101483;B
20240202;102332;56.870000000;1400;9506101484;B
20240202;102332;56.870000000;300;9506101485;B
20240202;102332;56.870000000;600;9506101486;B
20240202;102332;56.875000000;1000;9506101487;B
20240202;102332;56.875000000;2000;9506101488;B
20240202;102332;56.875000000;1400;9506101489;B
20240202;102332;56.875000000;1300;9506101490;B
20240202;102332;56.875000000;400;9506101491;B
20240202;102332;56.875000000;400;9506101494;B
20240202;102332;56.875000000;900;9506101495;B
20240202;102332;56.875000000;200;9506101496;B
20240202;102332;56.875000000;200;9506101497;B
20240202;102332;56.875000000;500;9506101498;B
20240202;102332;56.875000000;200;9506101499;B
20240202;102332;56.875000000;200;9506101500;B
20240202;102332;56.875000000;700;9506101501;B
20240202;102332;56.875000000;200;9506101502;B
20240202;102332;56.875000000;200;9506101503;B
20240202;102332;56.880000000;100;9506101504;B
20240202;102332;56.880000000;100;9506101505;B
20240202;102332;56.880000000;100;9506101506;B
20240202;102332;56.880000000;600;9506101514;B
20240202;102332;56.880000000;100;9506101517;B
20240202;102332;56.880000000;400;9506101519;B
20240202;102332;56.880000000;600;9506101520;B
20240202;102332;56.880000000;200;9506101521;B
20240202;102332;56.880000000;800;9506101522;B
20240202;102332;56.880000000;500;9506101523;B
20240202;102332;56.880000000;100;9506101524;B
20240202;102332;56.880000000;100;9506101525;B
20240202;102332;56.880000000;300;9506101526;B
20240202;102332;56.880000000;100;9506101531;B
20240202;102332;56.880000000;500;9506101532;B
20240202;102332;56.880000000;200;9506101534;B
20240202;102332;56.880000000;200;9506101537;B
20240202;102332;56.880000000;200;9506101538;B
20240202;102332;56.880000000;100;9506101546;B
20240202;102332;56.880000000;100;9506101548;B
20240202;102332;56.880000000;600;9506101550;B
20240202;102332;56.880000000;200;9506101551;B
20240202;102332;56.880000000;300;9506101556;B
20240202;102332;56.880000000;300;9506101557;B
20240202;102332;56.880000000;200;9506101562;B
20240202;102332;56.880000000;400;9506101570;B
20240202;102332;56.880000000;100;9506101573;B
20240202;102332;56.880000000;500;9506101574;B
20240202;102332;56.880000000;200;9506101575;B
20240202;102332;56.880000000;500;9506101577;B
20240202;102332;56.880000000;200;9506101578;B
20240202;102332;56.880000000;200;9506101579;B
20240202;102332;56.880000000;100;9506101580;B
20240202;102332;56.880000000;200;9506101581;B
20240202;102332;56.880000000;100;9506101585;B
20240202;102332;56.880000000;200;9506101610;B
20240202;102332;56.880000000;200;9506101611;B
20240202;102332;56.880000000;1200;9506101612;B
20240202;102332;56.880000000;200;9506101614;B
20240202;102332;56.880000000;300;9506101616;B
20240202;102332;56.880000000;200;9506101629;B
20240202;102332;56.880000000;400;9506101631;B
20240202;102332;56.880000000;200;9506101632;B
20240202;102332;56.880000000;200;9506101634;B
20240202;102333;56.880000000;200;9506101638;B
20240202;102333;56.880000000;300;9506101639;B
20240202;102333;56.880000000;100;9506101640;B
20240202;102333;56.880000000;100;9506101647;B
20240202;102333;56.885000000;100;9506101648;B
20240202;102333;56.885000000;100;9506101649;B
20240202;102333;56.885000000;200;9506101650;B
20240202;102333;56.885000000;100;9506101651;B
20240202;102333;56.885000000;300;9506101652;B
20240202;102333;56.885000000;200;9506101653;B
20240202;102333;56.885000000;200;9506101654;B
20240202;102333;56.885000000;3300;9506101655;B
20240202;102333;56.885000000;200;9506101677;B
20240202;102333;56.885000000;700;9506101678;B
20240202;102333;56.885000000;100;9506101680;B
20240202;102333;56.895000000;200;9506101681;B
20240202;102333;56.895000000;500;9506101682;B
20240202;102333;56.895000000;200;9506101685;B
20240202;102333;56.895000000;300;9506101687;B
20240202;102333;56.895000000;200;9506101688;B
20240202;102333;56.895000000;100;9506101689;B
20240202;102333;56.895000000;100;9506101690;B
20240202;102333;56.895000000;800;9506101692;B
20240202;102333;56.895000000;600;9506101693;B
20240202;102333;56.895000000;500;9506101695;B
20240202;102333;56.900000000;200;9506101696;B
20240202;102333;56.900000000;1000;9506101697;B
20240202;102333;56.900000000;100;9506101698;B
20240202;102333;56.900000000;300;9506101699;B
20240202;102333;56.900000000;100;9506101700;B
20240202;102333;56.905000000;300;9506101703;B
20240202;102333;56.905000000;400;9506101704;B
20240202;102333;56.905000000;300;9506101706;B
20240202;102333;56.905000000;300;9506101709;B
20240202;102333;56.905000000;300;9506101710;B
20240202;102333;56.905000000;400;9506101711;B
20240202;102333;56.905000000;200;9506101712;B
20240202;102333;56.905000000;300;9506101714;B
20240202;102333;56.905000000;700;9506101715;B
20240202;102333;56.905000000;100;9506101716;B
20240202;102333;56.905000000;300;9506101717;B
20240202;102333;56.905000000;300;9506101718;B
20240202;102333;56.905000000;100;9506101719;B
20240202;102333;56.905000000;300;9506101721;B
20240202;102333;56.905000000;300;9506101722;B
20240202;102333;56.905000000;700;9506101724;B
20240202;102333;56.905000000;200;9506101726;B
20240202;102333;56.905000000;100;9506101727;B
20240202;102333;56.905000000;200;9506101728;B
20240202;102333;56.905000000;900;9506101731;B
20240202;102333;56.905000000;1100;9506101732;B
20240202;102333;56.905000000;100;9506101734;B
20240202;102333;56.905000000;1800;9506101736;B
20240202;102333;56.905000000;800;9506101737;B
20240202;102333;56.910000000;300;9506101738;B
20240202;102333;56.915000000;600;9506101739;B
20240202;102333;56.915000000;300;9506101740;B
20240202;102333;56.915000000;100;9506101745;B
20240202;102333;56.915000000;500;9506101746;B
20240202;102333;56.915000000;500;9506101747;B
20240202;102333;56.920000000;3800;9506101748;B
20240202;102333;56.920000000;400;9506101752;B
20240202;102333;56.920000000;100;9506101753;B
20240202;102333;56.920000000;100;9506101754;B
20240202;102333;56.920000000;200;9506101761;B
20240202;102333;56.920000000;100;9506101768;B
20240202;102333;56.920000000;200;9506101771;B
20240202;102333;56.920000000;100;9506101772;B
20240202;102333;56.920000000;700;9506101773;B
20240202;102333;56.920000000;100;9506101774;B
20240202;102333;56.920000000;200;9506101776;B
20240202;102333;56.920000000;400;9506101784;B
20240202;102333;56.925000000;400;9506101785;B
20240202;102333;56.925000000;200;9506101787;B
20240202;102333;56.925000000;300;9506101788;B
20240202;102333;56.925000000;200;9506101789;B
20240202;102333;56.925000000;500;9506101790;B
20240202;102333;56.925000000;200;9506101791;B
20240202;102333;56.925000000;100;9506101806;B
20240202;102333;56.925000000;300;9506101807;B
20240202;102333;56.925000000;100;9506101813;B
20240202;102333;56.925000000;100;9506101831;B
20240202;102333;56.925000000;300;9506101832;B
20240202;102333;56.925000000;400;9506101834;B
20240202;102333;56.925000000;300;9506101837;B
20240202;102333;56.925000000;300;9506101838;B
20240202;102333;56.925000000;200;9506101841;B
20240202;102333;56.925000000;200;9506101843;B
20240202;102333;56.925000000;300;9506101847;B
20240202;102333;56.925000000;200;9506101849;B
20240202;102333;56.925000000;400;9506101850;B
20240202;102333;56.925000000;300;9506101851;B
20240202;102333;56.925000000;700;9506101854;B
20240202;102333;56.925000000;100;9506101856;B
20240202;102333;56.925000000;400;9506101857;B
20240202;102333;56.885000000;300;9506101858;S
20240202;102333;56.920000000;300;9506101861;B
20240202;102333;56.925000000;200;9506101862;B
20240202;102333;56.920000000;300;9506101864;B
20240202;102333;56.920000000;200;9506101868;B
20240202;102333;56.920000000;200;9506101870;B
20240202;102333;56.920000000;100;9506101871;B
20240202;102333;56.920000000;300;9506101872;B
20240202;102333;56.920000000;100;9506101873;B
20240202;102333;56.920000000;200;9506101874;B
20240202;102333;56.920000000;200;9506101875;B
20240202;102333;56.920000000;400;9506101876;B
20240202;102333;56.920000000;300;9506101880;B
20240202;102333;56.920000000;400;9506101881;B
20240202;102333;56.920000000;900;9506101883;B
20240202;102333;56.920000000;500;9506101890;B
20240202;102333;56.920000000;500;9506101892;B
20240202;102333;56.920000000;400;9506101894;B
20240202;102333;56.920000000;100;9506101896;B
20240202;102333;56.920000000;100;9506101899;B
20240202;102333;56.920000000;300;9506101900;B
20240202;102333;56.920000000;1700;9506101901;B
20240202;102333;56.920000000;500;9506101902;B
20240202;102333;56.920000000;300;9506101906;B
20240202;102333;56.920000000;200;9506101914;B
20240202;102333;56.920000000;1000;9506101915;B
20240202;102333;56.925000000;600;9506101916;B
20240202;102333;56.925000000;600;9506101918;B
20240202;102333;56.925000000;300;9506101919;B
20240202;102333;56.925000000;300;9506101921;B
20240202;102333;56.925000000;100;9506101922;B
20240202;102333;56.925000000;300;9506101924;B
20240202;102333;56.925000000;300;9506101926;B
20240202;102333;56.925000000;100;9506101930;B
20240202;102333;56.925000000;200;9506101933;B
20240202;102333;56.925000000;100;9506101936;B
20240202;102333;56.925000000;200;9506101937;B
20240202;102333;56.925000000;100;9506101942;B
20240202;102333;56.925000000;100;9506101948;B
20240202;102333;56.925000000;200;9506101949;B
20240202;102333;56.925000000;100;9506101950;B
20240202;102333;56.925000000;200;9506101951;B
20240202;102333;56.925000000;100;9506101952;B
20240202;102333;56.925000000;200;9506101953;B
20240202;102333;56.925000000;100;9506101956;B
20240202;102333;56.930000000;100;9506101957;B
20240202;102333;56.930000000;100;9506101959;B
20240202;102333;56.930000000;400;9506101960;B
20240202;102333;56.930000000;100;9506101962;B
20240202;102333;56.930000000;200;9506101964;B
20240202;102333;56.930000000;300;9506101966;B
20240202;102333;56.930000000;100;9506101968;B
20240202;102333;56.930000000;100;9506101969;B
20240202;102333;56.930000000;200;9506101972;B
20240202;102333;56.930000000;900;9506101974;B
20240202;102334;56.930000000;100;9506102040;B
20240202;102335;56.930000000;600;9506102168;B
20240202;102335;56.930000000;400;9506102169;B
20240202;102345;56.880000000;1400;9506105684;S
20240202;102345;56.880000000;300;9506105685;S
20240202;102345;56.875000000;300;9506105686;S
20240202;102346;56.870000000;200;9506105767;S
20240202;102346;56.905000000;100;9506105795;B
20240202;102347;56.905000000;100;9506105875;B
20240202;102347;56.870000000;200;9506105955;S
20240202;102348;56.905000000;200;9506105995;B
20240202;102348;56.910000000;1000;9506105996;B
20240202;102352;56.905000000;100;9506106848;B
20240202;102355;56.905000000;1400;9506108035;B
20240202;102355;56.905000000;900;9506108128;B
20240202;102359;56.890000000;700;9506109641;S
20240202;102400;56.920000000;300;9506109802;B
20240202;102400;56.925000000;1400;9506109803;B
20240202;102400;56.930000000;1400;9506109804;B
20240202;102400;56.930000000;500;9506109805;B
20240202;102400;56.935000000;200;9506109806;B
20240202;102400;56.935000000;3000;9506109807;B
20240202;102400;56.935000000;500;9506109808;B
20240202;102402;56.900000000;100;9506110031;S
20240202;102402;56.900000000;3000;9506110033;S
20240202;102402;56.935000000;100;9506110050;B
20240202;102405;56.935000000;100;9506110672;B
20240202;102406;56.935000000;2500;9506110786;B
20240202;102407;56.900000000;400;9506110937;S
20240202;102410;56.935000000;1600;9506112835;B
20240202;102410;56.940000000;300;9506112836;B
20240202;102410;56.940000000;600;9506112837;B
20240202;102410;56.910000000;1000;9506112841;S
20240202;102414;56.890000000;2900;9506114124;S
20240202;102418;56.875000000;900;9506114759;B
20240202;102419;56.870000000;100;9506114975;B
20240202;102420;56.870000000;200;9506115076;B
20240202;102420;56.870000000;100;9506115081;B
20240202;102421;56.835000000;100;9506115924;S
20240202;102422;56.835000000;2500;9506115980;S
20240202;102422;56.830000000;1400;9506115981;S
20240202;102422;56.830000000;1400;9506115982;S
20240202;102422;56.825000000;3000;9506115983;S
20240202;102422;56.825000000;1100;9506115984;S
20240202;102423;56.825000000;400;9506117081;S
20240202;102429;56.865000000;500;9506118893;B
20240202;102429;56.860000000;100;9506119033;B
20240202;102431;56.860000000;1000;9506119394;B
20240202;102431;56.865000000;100;9506119395;B
20240202;102431;56.865000000;1000;9506119396;B
20240202;102433;56.875000000;300;9506120136;B
20240202;102437;56.885000000;1000;9506120843;B
20240202;102438;56.885000000;3300;9506120977;B
20240202;102440;56.885000000;2000;9506121267;S
20240202;102440;56.885000000;300;9506121268;S
20240202;102440;56.875000000;100;9506121269;S
20240202;102440;56.875000000;100;9506121270;S
20240202;102440;56.870000000;2500;9506121271;S
20240202;102442;56.870000000;2000;9506122083;S
20240202;102443;56.900000000;200;9506122197;B
20240202;102445;56.905000000;500;9506123023;B
20240202;102446;56.870000000;100;9506123111;S
20240202;102447;56.905000000;200;9506123846;B
20240202;102452;56.905000000;3600;9506124652;B
20240202;102452;56.875000000;200;9506124667;S
20240202;102452;56.870000000;3500;9506124668;S
20240202;102452;56.865000000;1300;9506124669;S
20240202;102454;56.890000000;800;9506124798;B
20240202;102458;56.895000000;900;9506126807;B
20240202;102459;56.875000000;1100;9506126960;S
20240202;102459;56.870000000;3600;9506126961;S
20240202;102459;56.870000000;500;9506126962;S
20240202;102459;56.865000000;1300;9506126963;S
20240202;102500;56.905000000;100;9506127085;B
20240202;102505;56.870000000;600;9506128012;S
20240202;102505;56.870000000;100;9506128013;S
20240202;102505;56.865000000;4300;9506128014;S
20240202;102506;56.865000000;1200;9506128112;S
20240202;102506;56.865000000;200;9506128113;S
20240202;102506;56.865000000;1400;9506128114;S
20240202;102506;56.865000000;2000;9506128115;S
20240202;102506;56.860000000;200;9506128116;S
20240202;102518;56.900000000;400;9506130220;B
20240202;102519;56.890000000;1500;9506130346;S
20240202;102519;56.870000000;1100;9506130347;S
20240202;102519;56.870000000;1100;9506130348;S
20240202;102519;56.870000000;100;9506130349;S
20240202;102519;56.865000000;1200;9506130350;S
20240202;102521;56.890000000;900;9506130614;B
20240202;102521;56.860000000;100;9506130732;S
20240202;102521;56.855000000;2000;9506130733;S
20240202;102521;56.850000000;200;9506130734;S
20240202;102523;56.845000000;1500;9506130976;S
20240202;102523;56.870000000;100;9506131226;S
20240202;102525;56.880000000;100;9506131704;B
20240202;102525;56.880000000;400;9506131705;B
20240202;102525;56.880000000;400;9506131706;B
20240202;102530;56.885000000;100;9506132530;B
20240202;102535;56.890000000;400;9506133326;B
20240202;102535;56.890000000;100;9506133327;B
20240202;102538;56.890000000;100;9506133713;B
20240202;102539;56.875000000;1300;9506133802;S
20240202;102539;56.870000000;200;9506133803;S
20240202;102539;56.870000000;400;9506133804;S
20240202;102539;56.870000000;1000;9506133902;B
20240202;102544;56.870000000;2100;9506134420;B
20240202;102544;56.875000000;200;9506134421;B
20240202;102544;56.860000000;100;9506134425;S
20240202;102544;56.855000000;400;9506134426;S
20240202;102544;56.850000000;400;9506134427;S
20240202;102544;56.850000000;100;9506134428;S
20240202;102544;56.845000000;1400;9506134429;S
20240202;102544;56.840000000;1400;9506134430;S
20240202;102544;56.840000000;300;9506134431;S
20240202;102544;56.835000000;2000;9506134432;S
20240202;102544;56.835000000;1400;9506134433;S
20240202;102544;56.835000000;1000;9506134434;S
20240202;102544;56.825000000;2000;9506134435;S
20240202;102544;56.825000000;100;9506134436;S
20240202;102544;56.820000000;9200;9506134437;S
20240202;102544;56.815000000;2000;9506134438;S
20240202;102544;56.815000000;4300;9506134439;S
20240202;102544;56.815000000;800;9506134440;S
20240202;102544;56.810000000;1000;9506134441;S
20240202;102544;56.805000000;2000;9506134442;S
20240202;102544;56.805000000;12000;9506134443;S
20240202;102544;56.805000000;4000;9506134444;S
20240202;102544;56.800000000;1800;9506134445;S
20240202;102544;56.800000000;100;9506134446;S
20240202;102544;56.800000000;100;9506134447;S
20240202;102544;56.800000000;200;9506134448;S
20240202;102544;56.800000000;400;9506134449;S
20240202;102544;56.800000000;100;9506134450;S
20240202;102544;56.800000000;400;9506134451;S
20240202;102544;56.800000000;1000;9506134452;S
20240202;102552;56.845000000;100;9506135622;B
20240202;102558;56.825000000;100;9506136243;S
20240202;102600;56.845000000;100;9506136436;B
20240202;102600;56.850000000;300;9506136437;B
20240202;102600;56.855000000;100;9506136438;B
20240202;102600;56.855000000;100;9506136439;B
20240202;102600;56.855000000;100;9506136440;B
20240202;102600;56.860000000;200;9506136441;B
20240202;102601;56.825000000;1000;9506136517;S
20240202;102601;56.825000000;2200;9506136518;S
20240202;102601;56.825000000;100;9506136519;S
20240202;102601;56.825000000;300;9506136520;S
20240202;102601;56.815000000;100;9506136521;S
20240202;102601;56.815000000;3000;9506136522;S
20240202;102601;56.810000000;3600;9506136523;S
20240202;102601;56.805000000;1400;9506136524;S
20240202;102601;56.805000000;1000;9506136525;S
20240202;102601;56.805000000;1300;9506136526;S
20240202;102601;56.805000000;1000;9506136527;S
20240202;102604;56.855000000;100;9506136944;B
20240202;102607;56.850000000;200;9506137349;B
20240202;102610;56.850000000;6200;9506137684;B
20240202;102610;56.855000000;1300;9506137685;B
20240202;102610;56.855000000;300;9506137686;B
20240202;102610;56.860000000;800;9506137687;B
20240202;102610;56.860000000;1400;9506137688;B
20240202;102610;56.865000000;1400;9506137689;B
20240202;102610;56.865000000;3000;9506137690;B
20240202;102610;56.870000000;2000;9506137691;B
20240202;102610;56.870000000;800;9506137692;B
20240202;102610;56.875000000;1000;9506137693;B
20240202;102610;56.875000000;2900;9506137694;B
20240202;102610;56.880000000;2000;9506137695;B
20240202;102610;56.880000000;4300;9506137696;B
20240202;102610;56.885000000;2000;9506137697;B
20240202;102610;56.890000000;200;9506137698;B
20240202;102610;56.895000000;2000;9506137699;B
20240202;102610;56.900000000;3600;9506137700;B
20240202;102610;56.905000000;2300;9506137701;B
20240202;102610;56.905000000;2000;9506137702;B
20240202;102610;56.905000000;2000;9506137703;B
20240202;102610;56.910000000;400;9506137704;B
20240202;102610;56.915000000;1000;9506137705;B
20240202;102610;56.915000000;2000;9506137706;B
20240202;102610;56.915000000;100;9506137707;B
20240202;102613;56.855000000;6400;9506138357;S
20240202;102613;56.850000000;2000;9506138358;S
20240202;102613;56.850000000;1000;9506138359;S
20240202;102613;56.845000000;400;9506138360;S
20240202;102613;56.845000000;3000;9506138361;S
20240202;102613;56.845000000;100;9506138362;S
20240202;102613;56.840000000;2000;9506138363;S
20240202;102613;56.835000000;100;9506138364;S
20240202;102623;56.870000000;100;9506139735;B
20240202;102623;56.875000000;300;9506139736;B
20240202;102623;56.875000000;500;9506139737;B
20240202;102624;56.870000000;200;9506139882;B
20240202;102629;56.850000000;1500;9506140475;S
20240202;102629;56.840000000;100;9506140476;S
20240202;102629;56.840000000;300;9506140477;S
20240202;102629;56.840000000;400;9506140478;S
20240202;102634;56.835000000;400;9506141252;S
20240202;102635;56.825000000;200;9506141262;S
20240202;102635;56.825000000;500;9506141273;S
20240202;102636;56.825000000;200;9506141438;S
20240202;102636;56.825000000;100;9506141453;S
20240202;102639;56.825000000;400;9506141971;B
20240202;102639;56.825000000;4300;9506141972;B
20240202;102639;56.830000000;300;9506141973;B
20240202;102641;56.825000000;300;9506142276;B
20240202;102641;56.820000000;100;9506142329;S
20240202;102641;56.820000000;100;9506142330;S
20240202;102641;56.820000000;1000;9506142406;B
20240202;102642;56.815000000;400;9506142440;S
20240202;102642;56.805000000;1000;9506142441;S
20240202;102642;56.805000000;2200;9506142442;S
20240202;102642;56.800000000;5200;9506142443;S
20240202;102642;56.800000000;1000;9506142444;S
20240202;102642;56.800000000;300;9506142445;S
20240202;102642;56.800000000;4000;9506142446;S
20240202;102642;56.795000000;1000;9506142447;S
20240202;102642;56.795000000;1000;9506142448;S
20240202;102642;56.790000000;3100;9506142449;S
20240202;102642;56.790000000;3000;9506142450;S
20240202;102642;56.790000000;7800;9506142451;B
20240202;102643;56.800000000;100;9506142563;S
20240202;102643;56.785000000;900;9506142564;S
20240202;102644;56.805000000;400;9506142715;B
20240202;102644;56.810000000;3600;9506142716;B
20240202;102644;56.810000000;2000;9506142717;B
20240202;102644;56.815000000;1400;9506142718;B
20240202;102644;56.815000000;300;9506142719;B
20240202;102651;56.805000000;1000;9506143531;B
20240202;102654;56.805000000;2600;9506143835;S
20240202;102654;56.800000000;300;9506143836;S
20240202;102654;56.785000000;1800;9506143837;S
20240202;102654;56.780000000;3000;9506143838;S
20240202;102654;56.780000000;500;9506143839;S
20240202;102654;56.780000000;400;9506143840;S
