<DATE>;<TIME>;<LAST>;<VOL>;<ID>;<OPER>
20240226;095942;60.905;300;9696763234;S
20240226;095942;60.905;100;9696763235;S
20240226;095942;60.905;100;9696763236;S
20240226;095942;60.905;1000;9696763237;S
20240226;095942;60.905;400;9696763238;S
20240226;095942;60.905;100;9696763239;S
20240226;095942;60.905;1000;9696763240;S
20240226;095942;60.905;300;9696763241;S
20240226;095942;60.905;100;9696763242;S
20240226;095942;60.905;100;9696763243;S
20240226;095942;60.905;100;9696763244;S
20240226;095942;60.905;3100;9696763245;B
20240226;095942;60.905;100;9696763246;B
20240226;095942;60.905;200;9696763247;B
20240226;095942;60.905;100;9696763248;B
20240226;095942;60.905;100;9696763249;B
20240226;095942;60.905;200;9696763250;B
20240226;095942;60.905;200;9696763251;B
20240226;095942;60.905;400;9696763252;B
20240226;095942;60.905;100;9696763253;B
20240226;095942;60.905;100;9696763254;B
20240226;095942;60.905;2300;9696763255;S
20240226;095942;60.905;4200;9696763256;S
20240226;095942;60.905;6900;9696763257;S
20240226;095942;60.905;500;9696763258;S
20240226;095942;60.905;100;9696763259;B
20240226;095942;60.905;500;9696763260;B
20240226;095942;60.905;100;9696763261;B
20240226;095942;60.905;100;9696763262;B
20240226;095942;60.905;1000;9696763263;B
20240226;095942;60.905;1000;9696763264;B
20240226;095942;60.905;100;9696763265;B
20240226;095942;60.905;300;9696763266;S
20240226;095942;60.905;8300;9696763267;S
20240226;095942;60.905;3000;9696763268;S
20240226;095942;60.905;1200;9696763269;S
20240226;095942;60.905;500;9696763270;S
20240226;095942;60.905;300;9696763271;S
20240226;095942;60.905;14800;9696763272;B
20240226;095942;60.905;100;9696763273;B
20240226;095942;60.905;100;9696763274;B
20240226;095942;60.905;200;9696763275;B
20240226;095942;60.905;100;9696763276;B
20240226;095942;60.905;100;9696763277;B
20240226;095942;60.905;100;9696763278;B
20240226;095942;60.905;100;9696763279;B
20240226;095942;60.905;500;9696763280;B
20240226;095942;60.905;400;9696763281;B
20240226;095942;60.905;200;9696763282;S
20240226;095942;60.905;100;9696763283;S
20240226;095942;60.905;300;9696763284;S
20240226;095942;60.905;100;9696763285;B
20240226;095942;60.905;400;9696763286;B
20240226;095942;60.905;100;9696763287;B
20240226;095942;60.905;3500;9696763288;B
20240226;095942;60.905;500;9696763289;B
20240226;095942;60.905;100;9696763290;B
20240226;095942;60.905;1000;9696763291;B
20240226;095942;60.905;200;9696763292;B
20240226;095942;60.905;800;9696763293;B
20240226;095942;60.905;100;9696763294;B
20240226;095942;60.905;700;9696763295;B
20240226;095942;60.905;1000;9696763296;B
20240226;095942;60.905;200;9696763297;B
20240226;095942;60.905;400;9696763298;B
20240226;095942;60.905;100;9696763299;B
20240226;095942;60.905;300;9696763300;S
20240226;095942;60.905;100;9696763301;B
20240226;095942;60.905;3600;9696763302;B
20240226;095942;60.905;100;9696763303;B
20240226;095942;60.905;100;9696763304;S
20240226;095942;60.905;4600;9696763305;B
20240226;095942;60.905;600;9696763306;B
20240226;095942;60.905;100;9696763307;B
20240226;095942;60.905;20000;9696763308;S
20240226;095942;60.905;900;9696763309;S
20240226;095942;60.905;100;9696763310;B
20240226;095942;60.905;1000;9696763311;B
20240226;095942;60.905;800;9696763312;B
20240226;095942;60.905;300;9696763313;S
20240226;095942;60.905;400;9696763314;B
20240226;095942;60.905;1400;9696763315;B
20240226;095942;60.905;200;9696763316;B
20240226;095942;60.905;200;9696763317;B
20240226;095942;60.905;300;9696763318;B
20240226;095942;60.905;200;9696763319;B
20240226;095942;60.905;3000;9696763320;B
20240226;095942;60.905;100;9696763321;S
20240226;095942;60.905;100;9696763322;B
20240226;095942;60.905;200;9696763323;B
20240226;095942;60.905;800;9696763324;B
20240226;095942;60.905;200;9696763325;B
20240226;095942;60.905;300;9696763326;B
20240226;095942;60.905;700;9696763327;B
20240226;095942;60.905;5000;9696763328;B
20240226;095942;60.905;100;9696763329;B
20240226;095942;60.905;2000;9696763330;B
20240226;095942;60.905;1000;9696763331;B
20240226;095942;60.905;8500;9696763332;B
20240226;095942;60.905;3900;9696763333;B
20240226;095942;60.905;200;9696763334;B
20240226;095942;60.905;200;9696763335;B
20240226;095942;60.905;3000;9696763336;B
20240226;095942;60.905;1400;9696763337;B
20240226;095942;60.905;900;9696763338;B
20240226;095942;60.905;200;9696763339;B
20240226;095942;60.905;1300;9696763340;B
20240226;095942;60.905;5000;9696763341;B
20240226;095942;60.905;300;9696763342;B
20240226;095942;60.905;5000;9696763343;B
20240226;095942;60.905;900;9696763344;S
20240226;095942;60.905;100;9696763345;B
20240226;095942;60.905;100;9696763346;S
20240226;095942;60.905;900;9696763347;S
20240226;095942;60.905;100;9696763348;B
20240226;095942;60.905;500;9696763349;B
20240226;100000;60.9;1000;9696775662;S
20240226;100000;60.9;1000;9696775713;S
20240226;100000;60.9;5000;9696775748;S
20240226;100000;60.9;3000;9696775755;S
20240226;100000;60.9;1000;9696775767;S
20240226;100000;60.9;1000;9696775771;S
20240226;100000;60.9;3000;9696775812;S
20240226;100000;60.9;1000;9696775843;S
20240226;100000;60.905;1300;9696775891;B
20240226;100000;60.9;3000;9696775980;S
20240226;100000;60.905;800;9696776876;B
20240226;100000;60.905;400;9696776933;B
20240226;100000;60.925;1500;9696777052;B
20240226;100000;60.91;1300;9696777576;S
20240226;100000;60.91;3700;9696777577;S
20240226;100000;60.91;400;9696777613;S
20240226;100000;60.905;600;9696777614;S
20240226;100001;60.925;1000;9696778216;B
20240226;100001;60.925;2500;9696778370;B
20240226;100001;60.925;1100;9696778371;B
20240226;100001;60.935;1000;9696778393;S
20240226;100001;60.935;1000;9696778488;S
20240226;100001;60.935;300;9696778500;S
20240226;100001;60.935;100;9696778501;B
20240226;100001;60.935;900;9696778951;B
20240226;100001;60.91;100;9696778963;S
20240226;100001;60.94;900;9696779222;S
20240226;100001;60.94;1200;9696779223;S
20240226;100001;60.94;100;9696779224;S
20240226;100001;60.94;1900;9696779225;S
20240226;100001;60.94;2000;9696779226;S
20240226;100001;60.94;200;9696779233;S
20240226;100001;60.94;800;9696779234;S
20240226;100001;60.94;500;9696779235;S
20240226;100001;60.94;1500;9696779488;B
20240226;100001;60.945;100;9696779537;B
20240226;100001;60.95;700;9696779538;B
20240226;100001;60.95;100;9696779539;B
20240226;100001;60.95;200;9696779540;B
20240226;100001;60.95;100;9696779541;B
20240226;100001;60.95;2800;9696779542;B
20240226;100001;60.945;100;9696779563;S
20240226;100001;60.915;1200;9696779630;S
20240226;100001;60.915;100;9696779685;S
20240226;100002;60.945;100;9696779771;B
20240226;100002;60.915;100;9696780062;S
20240226;100002;60.945;2000;9696780312;B
20240226;100002;60.945;1300;9696780430;B
20240226;100002;60.95;3700;9696780712;B
20240226;100002;60.915;1300;9696780720;S
20240226;100002;60.915;2700;9696780721;S
20240226;100002;60.945;100;9696781058;B
20240226;100002;60.945;500;9696781827;B
20240226;100003;60.945;100;9696782354;B
20240226;100003;60.945;300;9696782450;B
20240226;100003;60.915;1400;9696782671;S
20240226;100003;60.915;1300;9696782672;S
20240226;100003;60.91;4400;9696782673;S
20240226;100003;60.91;1300;9696782674;S
20240226;100003;60.905;1600;9696782675;S
20240226;100003;60.945;2400;9696782864;B
20240226;100003;60.95;12600;9696782865;B
20240226;100003;60.945;3400;9696782979;B
20240226;100003;60.95;10900;9696782980;B
20240226;100003;60.96;100;9696782981;B
20240226;100003;60.96;100;9696782982;B
20240226;100003;60.96;2000;9696782983;B
20240226;100003;60.96;2000;9696782984;B
20240226;100003;60.96;300;9696782985;B
20240226;100003;60.97;100;9696782986;B
20240226;100003;60.975;100;9696782987;B
20240226;100003;60.98;2000;9696782988;B
20240226;100003;60.98;800;9696782989;B
20240226;100003;60.985;500;9696782990;B
20240226;100003;60.985;100;9696782991;B
20240226;100003;60.985;8800;9696782992;B
20240226;100003;60.985;1300;9696782993;B
20240226;100003;60.99;9000;9696782994;B
20240226;100003;60.99;1300;9696782995;B
20240226;100003;60.995;300;9696782996;B
20240226;100003;60.995;200;9696782997;B
20240226;100003;60.995;100;9696782998;B
20240226;100003;60.995;300;9696782999;B
20240226;100003;60.995;9900;9696783000;B
20240226;100003;60.995;200;9696783001;B
20240226;100003;60.995;100;9696783002;B
20240226;100003;60.995;1300;9696783003;B
20240226;100003;61;100;9696783004;B
20240226;100003;61;100;9696783005;B
20240226;100003;61;100;9696783006;B
20240226;100003;61;100;9696783007;B
20240226;100003;61;200;9696783008;B
20240226;100003;61;300;9696783009;B
20240226;100003;61;1000;9696783010;B
20240226;100003;61;200;9696783011;B
20240226;100003;61;200;9696783012;B
20240226;100003;61;800;9696783013;B
20240226;100003;61;100;9696783014;B
20240226;100003;61;1500;9696783015;B
20240226;100003;61;400;9696783016;B
20240226;100003;61;1000;9696783017;B
20240226;100003;61;800;9696783018;B
20240226;100003;61;20000;9696783019;B
20240226;100003;61;1000;9696783020;B
20240226;100003;61;100;9696783021;B
20240226;100003;61;100;9696783022;B
20240226;100003;61;100;9696783023;B
20240226;100003;61;16600;9696783024;B
20240226;100003;60.925;1300;9696783239;S
20240226;100003;60.92;1300;9696783240;S
20240226;100003;60.92;700;9696783241;S
20240226;100003;60.945;600;9696783410;B
20240226;100003;60.955;200;9696783411;B
20240226;100003;60.975;800;9696783412;B
20240226;100003;60.995;3000;9696783413;B
20240226;100003;60.995;3400;9696783414;B
20240226;100003;61;22000;9696783415;B
20240226;100004;60.985;100;9696783586;B
20240226;100004;60.94;100;9696783681;S
20240226;100004;60.92;1300;9696783761;S
20240226;100004;60.92;2000;9696783762;S
20240226;100004;60.93;1300;9696784224;S
20240226;100004;60.925;2000;9696784225;S
20240226;100004;60.965;3400;9696784300;B
20240226;100004;60.965;1100;9696784301;B
20240226;100004;60.965;100;9696784339;B
20240226;100004;60.92;1300;9696784509;S
20240226;100004;60.92;2000;9696784510;S
20240226;100004;60.92;2100;9696784773;S
20240226;100004;60.92;1200;9696784774;S
20240226;100005;60.92;100;9696785225;S
20240226;100005;60.915;3200;9696785226;S
20240226;100005;60.92;200;9696785656;S
20240226;100005;60.92;1100;9696785662;S
20240226;100005;60.92;2200;9696785663;S
20240226;100005;60.965;200;9696785984;B
20240226;100006;60.92;1300;9696786472;S
20240226;100006;60.92;2000;9696786473;S
20240226;100006;60.925;3300;9696787103;S
20240226;100007;60.925;100;9696788364;S
20240226;100007;60.925;1800;9696788689;S
20240226;100008;60.915;300;9696790168;S
20240226;100008;60.915;100;9696790392;S
20240226;100008;60.92;400;9696790413;B
20240226;100008;60.925;200;9696791179;B
20240226;100008;60.925;100;9696791199;B
20240226;100008;60.925;100;9696791816;B
20240226;100008;60.915;100;9696792062;S
20240226;100008;60.915;100;9696792128;S
20240226;100008;60.915;100;9696792129;S
20240226;100008;60.915;600;9696792135;S
20240226;100008;60.91;1100;9696792136;S
20240226;100009;60.915;600;9696793281;S
20240226;100009;60.925;100;9696793308;B
20240226;100009;60.925;1000;9696793314;B
20240226;100009;60.93;1000;9696793315;B
20240226;100009;60.93;100;9696793494;B
20240226;100010;60.93;100;9696794892;B
20240226;100010;60.915;200;9696795010;S
20240226;100010;60.93;1800;9696795032;B
20240226;100010;60.93;100;9696795359;B
20240226;100010;60.93;200;9696795457;B
20240226;100010;60.965;200;9696795458;B
20240226;100010;60.965;100;9696795459;B
20240226;100010;60.965;300;9696795463;B
20240226;100010;60.965;1000;9696795469;B
20240226;100010;60.965;300;9696795472;B
20240226;100010;60.915;1000;9696795481;S
20240226;100010;60.965;100;9696795592;B
20240226;100010;60.965;100;9696795883;B
20240226;100010;60.925;100;9696795898;S
20240226;100010;60.925;200;9696795956;S
20240226;100010;60.925;200;9696796026;S
20240226;100010;60.925;100;9696796091;S
20240226;100010;60.925;700;9696796129;S
20240226;100010;60.92;1300;9696796130;S
20240226;100010;60.92;1800;9696796131;S
20240226;100010;60.925;100;9696796147;S
20240226;100010;60.925;1200;9696796157;S
20240226;100010;60.92;3900;9696796158;S
20240226;100010;60.92;1300;9696796159;S
20240226;100010;60.915;2400;9696796160;S
20240226;100010;60.915;1300;9696796161;S
20240226;100010;60.91;5900;9696796162;S
20240226;100010;60.91;1000;9696796163;S
20240226;100010;60.905;10500;9696796164;S
20240226;100010;60.955;300;9696796364;B
20240226;100010;60.955;5700;9696796422;B
20240226;100010;60.955;3400;9696796423;B
20240226;100010;60.96;1300;9696796424;B
20240226;100010;60.965;1300;9696796425;B
20240226;100010;60.965;8800;9696796426;B
20240226;100010;60.97;3500;9696796427;B
20240226;100010;60.96;200;9696796439;B
20240226;100010;60.96;100;9696796553;B
20240226;100010;60.905;2100;9696796571;S
20240226;100010;60.905;100;9696796576;S
20240226;100010;60.96;700;9696796587;B
20240226;100011;60.96;100;9696796741;B
20240226;100011;60.905;200;9696796934;S
20240226;100011;60.905;100;9696796977;S
20240226;100011;60.96;900;9696797005;B
20240226;100011;60.96;100;9696797533;B
20240226;100011;60.96;200;9696797534;B
20240226;100011;60.905;100;9696797553;S
20240226;100011;60.955;400;9696798095;B
20240226;100012;60.955;100;9696798548;B
20240226;100012;60.955;2900;9696799715;B
20240226;100012;60.955;1300;9696799716;B
20240226;100012;60.96;1300;9696799717;B
20240226;100012;60.965;1300;9696799718;B
20240226;100012;60.965;1000;9696799719;B
20240226;100012;60.965;2600;9696799720;B
20240226;100012;60.97;200;9696799721;B
20240226;100012;60.95;100;9696799750;B
20240226;100012;60.95;200;9696799756;B
20240226;100012;60.915;100;9696799758;S
20240226;100012;60.95;100;9696799837;B
20240226;100012;60.905;8800;9696800101;S
20240226;100012;60.905;5900;9696800102;S
20240226;100012;60.9;300;9696800103;S
20240226;100012;60.95;200;9696800227;B
20240226;100012;60.9;200;9696800376;S
20240226;100012;60.955;100;9696800378;B
20240226;100012;60.905;100;9696800636;S
20240226;100012;60.9;1600;9696800637;S
20240226;100012;60.9;400;9696800645;S
20240226;100012;60.955;200;9696800652;B
20240226;100012;60.955;2700;9696800822;B
20240226;100013;60.915;100;9696801260;B
20240226;100013;60.915;2700;9696801944;S
20240226;100013;60.915;1300;9696801945;S
20240226;100013;60.91;1300;9696801946;S
20240226;100013;60.905;200;9696801947;S
20240226;100013;60.905;1300;9696801948;S
20240226;100013;60.9;3200;9696801949;S
20240226;100014;60.9;12500;9696802354;S
20240226;100014;60.9;200;9696802929;S
20240226;100014;60.945;1000;9696803028;B
20240226;100014;60.945;500;9696803030;B
20240226;100014;60.9;100;9696803043;S
20240226;100014;60.945;100;9696803778;B
20240226;100015;60.945;3400;9696803975;B
20240226;100015;60.945;1300;9696803976;B
20240226;100015;60.95;1300;9696803977;B
20240226;100015;60.955;1300;9696803978;B
20240226;100015;60.965;2700;9696803979;B
20240226;100015;60.925;1000;9696804676;S
20240226;100015;60.925;100;9696804855;S
20240226;100015;60.925;100;9696804856;S
20240226;100016;60.955;300;9696805465;B
20240226;100016;60.93;2700;9696805899;S
20240226;100016;60.925;28800;9696805900;S
20240226;100016;60.91;1300;9696805901;S
20240226;100016;60.905;1300;9696805902;S
20240226;100016;60.905;1000;9696805903;S
20240226;100016;60.9;6900;9696805904;S
20240226;100016;60.905;100;9696806086;S
20240226;100016;60.95;100;9696806370;B
20240226;100016;60.9;1200;9696806374;S
20240226;100016;60.95;800;9696806381;B
20240226;100017;60.95;100;9696807409;B
20240226;100017;60.95;2700;9696807432;B
20240226;100018;60.91;1000;9696808507;S
20240226;100018;60.95;1000;9696809217;S
20240226;100019;60.965;3400;9696809445;B
20240226;100019;60.97;16300;9696809446;B
20240226;100019;60.975;300;9696809447;B
20240226;100019;60.97;3400;9696809975;B
20240226;100019;60.975;3000;9696809976;B
20240226;100019;60.975;200;9696809977;B
20240226;100019;60.975;1300;9696809978;B
20240226;100019;60.98;3300;9696809979;B
20240226;100019;60.98;1300;9696809980;B
20240226;100019;60.985;200;9696809981;B
20240226;100019;60.985;3300;9696809982;B
20240226;100019;60.985;1300;9696809983;B
20240226;100019;60.995;1000;9696809984;B
20240226;100019;60.995;8000;9696809985;B
20240226;100019;61;62400;9696809986;B
20240226;100019;61;200;9696809987;B
20240226;100019;61;1000;9696809988;B
20240226;100019;61;700;9696809989;B
20240226;100019;61;1000;9696809990;B
20240226;100019;61;100;9696809991;B
20240226;100019;61;100;9696809992;B
20240226;100019;61;9900;9696809993;B
20240226;100019;61;4500;9696809994;B
20240226;100019;61;100;9696809995;B
20240226;100019;61;100;9696809996;B
20240226;100019;61;200;9696809997;B
20240226;100019;61;2000;9696809998;B
20240226;100019;61;100;9696809999;B
20240226;100019;61;100;9696810000;B
20240226;100019;61;100;9696810001;B
20240226;100019;61;500;9696810002;B
20240226;100019;61;200;9696810003;B
20240226;100019;61;100;9696810004;B
20240226;100019;61;100;9696810005;B
20240226;100019;61;100;9696810006;B
20240226;100019;61;2700;9696810007;B
20240226;100019;61;600;9696810008;B
20240226;100019;61;300;9696810009;B
20240226;100019;61;4700;9696810010;B
20240226;100019;61;1000;9696810011;B
20240226;100019;61;100;9696810012;B
20240226;100019;61;200;9696810013;B
20240226;100019;61;100;9696810014;B
20240226;100019;61;200;9696810015;B
20240226;100019;61;300;9696810016;B
20240226;100019;61;13000;9696810017;B
20240226;100019;61;200;9696810018;B
20240226;100019;61.005;500;9696810019;B
20240226;100019;61.025;4100;9696810020;B
20240226;100019;61.03;12100;9696810021;B
20240226;100020;60.965;4100;9696810287;S
20240226;100020;60.965;5200;9696810288;S
20240226;100020;60.96;700;9696810289;S
20240226;100020;61.02;800;9696810494;B
20240226;100020;61.02;1200;9696810495;B
20240226;100020;61.02;2000;9696810496;B
20240226;100021;61.02;2800;9696810823;B
20240226;100021;61.025;1300;9696810824;B
20240226;100021;61.03;5900;9696810825;B
20240226;100021;60.98;300;9696811138;S
20240226;100022;61.025;1300;9696812317;B
20240226;100022;61.025;3300;9696812318;B
20240226;100022;61.03;2000;9696812319;B
20240226;100022;61.03;1300;9696812320;B
20240226;100022;61.03;3300;9696812321;B
20240226;100022;61.035;1300;9696812322;B
20240226;100022;61.04;1000;9696812323;B
20240226;100022;61.06;9500;9696812324;B
20240226;100022;61.07;100;9696812325;B
20240226;100022;61.08;5000;9696812326;B
20240226;100022;61.095;100;9696812327;B
20240226;100022;61.095;8000;9696812328;B
20240226;100022;61.1;100;9696812329;B
20240226;100022;61.1;500;9696812330;B
20240226;100022;61.1;300;9696812331;B
20240226;100022;61.1;32000;9696812332;B
20240226;100022;61.1;3000;9696812333;B
20240226;100022;61.105;100;9696812334;B
20240226;100022;61.11;300;9696812335;B
20240226;100022;61.11;4000;9696812336;B
20240226;100022;61.12;100;9696812337;B
20240226;100022;61.145;100;9696812338;B
20240226;100022;61.16;100;9696812339;B
20240226;100022;61.16;900;9696812340;B
20240226;100022;61.18;100;9696812341;B
20240226;100022;61.19;8800;9696812342;B
20240226;100022;61.195;100;9696812343;B
20240226;100022;61.195;30000;9696812344;B
20240226;100022;61.195;100;9696812345;B
20240226;100022;61.195;100;9696812346;B
20240226;100022;61.2;100;9696812347;B
20240226;100022;61.2;100;9696812348;B
20240226;100022;61.2;100;9696812349;B
20240226;100022;61.2;1000;9696812350;B
20240226;100022;61.2;1800;9696812351;B
20240226;100022;61.11;5000;9696812389;S
20240226;100022;61.11;2000;9696812390;S
20240226;100022;61.11;1300;9696812398;S
20240226;100023;61.035;100;9696812642;S
20240226;100023;61.035;500;9696812653;S
20240226;100023;61.035;100;9696812655;S
20240226;100023;61.065;1300;9696812719;B
20240226;100023;61.07;5000;9696812720;B
20240226;100023;61.07;1300;9696812721;B
20240226;100023;61.075;1300;9696812722;B
20240226;100023;61.11;1100;9696812723;B
20240226;100023;61.07;100;9696813055;B
20240226;100024;61.035;4000;9696813814;S
20240226;100024;61.03;6000;9696813815;S
20240226;100025;60.99;1500;9696814412;S
20240226;100025;60.995;100;9696814437;S
20240226;100025;60.99;500;9696814488;S
20240226;100025;60.99;300;9696814489;S
20240226;100025;61.065;6000;9696815083;B
20240226;100025;61.065;2000;9696815084;B
20240226;100025;61.07;100;9696815085;B
20240226;100025;61.07;300;9696815086;B
20240226;100025;61.075;400;9696815087;B
20240226;100026;61.025;4000;9696815475;S
20240226;100026;61.025;6000;9696815476;S
20240226;100026;61.02;2000;9696815477;S
20240226;100026;61.02;2000;9696815478;S
20240226;100026;61.02;1300;9696815479;S
20240226;100026;61.015;1300;9696815480;S
20240226;100026;61.01;2000;9696815481;S
20240226;100026;61.01;1300;9696815482;S
20240226;100026;61;2000;9696815483;S
20240226;100026;60.99;2000;9696815484;S
20240226;100026;60.985;18000;9696815485;S
20240226;100026;60.985;100;9696815486;S
20240226;100027;61.065;1000;9696816403;B
20240226;100027;61.03;100;9696816463;S
20240226;100027;61.07;1000;9696816601;B
20240226;100027;61.035;100;9696816675;S
20240226;100027;61.07;300;9696816850;B
20240226;100027;61.07;700;9696816851;B
20240226;100028;61.07;1000;9696816968;B
20240226;100028;61.075;1000;9696817210;B
20240226;100028;61.075;2000;9696817211;B
20240226;100028;61.075;1300;9696817212;B
20240226;100028;61.08;1300;9696817213;B
20240226;100028;61.08;3300;9696817214;B
20240226;100028;61.085;2000;9696817215;B
20240226;100028;61.085;1300;9696817216;B
20240226;100028;61.095;2000;9696817217;B
20240226;100028;61.1;100;9696817218;B
20240226;100028;61.105;2000;9696817219;B
20240226;100028;61.11;3900;9696817220;B
20240226;100028;61.11;200;9696817221;B
20240226;100028;61.11;1500;9696817222;B
20240226;100028;61.115;2000;9696817223;B
20240226;100028;61.125;2000;9696817224;B
20240226;100028;61.13;3300;9696817225;B
20240226;100028;61.13;4000;9696817226;B
20240226;100028;61.135;2000;9696817227;B
20240226;100028;61.145;2000;9696817228;B
20240226;100028;61.155;2000;9696817229;B
20240226;100028;61.165;800;9696817230;B
20240226;100028;61.12;2000;9696817352;B
20240226;100028;61.125;1300;9696817353;B
20240226;100028;61.13;5300;9696817354;B
20240226;100028;61.13;1300;9696817355;B
20240226;100028;61.135;2000;9696817356;B
20240226;100028;61.135;1300;9696817357;B
20240226;100028;61.145;2000;9696817358;B
20240226;100028;61.15;4000;9696817359;B
20240226;100028;61.155;2000;9696817360;B
20240226;100028;61.165;1200;9696817361;B
20240226;100028;61.17;2000;9696817362;B
20240226;100028;61.175;400;9696817363;B
20240226;100028;61.18;300;9696817364;B
20240226;100028;61.18;3300;9696817365;B
20240226;100028;61.18;2000;9696817366;B
20240226;100028;61.19;5000;9696817367;B
20240226;100028;61.19;2000;9696817368;B
20240226;100028;61.2;10500;9696817369;B
20240226;100028;61.2;26400;9696817370;B
20240226;100028;61.2;22100;9696817371;B
20240226;100028;61.2;11500;9696817372;B
20240226;100028;61.2;12000;9696817373;B
20240226;100028;61.2;100000;9696817374;B
20240226;100028;61.2;4200;9696817375;B
20240226;100028;61.2;2700;9696817376;B
20240226;100028;61.2;23200;9696817377;B
20240226;100028;61.19;1300;9696817613;B
20240226;100028;61.19;700;9696817614;B
20240226;100029;61.125;2000;9696817727;S
20240226;100029;61.105;6000;9696817728;S
20240226;100029;61.09;8800;9696817729;S
20240226;100029;61.085;4000;9696817730;S
20240226;100029;61.08;21200;9696817731;S
20240226;100029;61.075;100;9696817878;S
20240226;100030;61.115;1000;9696818373;B
20240226;100030;61.14;6000;9696818380;B
20240226;100030;61.165;2000;9696818381;B
20240226;100030;61.17;2000;9696818382;B
20240226;100031;61.19;500;9696819022;B
20240226;100031;61.095;100;9696819277;S
20240226;100032;61.1;1300;9696819518;S
20240226;100032;61.1;1300;9696819519;S
20240226;100032;61.1;3300;9696819532;S
20240226;100032;61.095;2000;9696819533;S
20240226;100032;61.075;1900;9696819534;S
20240226;100032;61.07;1000;9696819535;S
20240226;100032;61.065;2000;9696819536;S
20240226;100032;61.055;2000;9696819537;S
20240226;100032;61.045;2000;9696819538;S
20240226;100032;61.035;2000;9696819539;S
20240226;100032;61.035;4000;9696819540;S
20240226;100032;61.025;2000;9696819541;S
20240226;100032;61.025;1800;9696819542;S
20240226;100032;61.115;400;9696819738;B
20240226;100032;61.105;1000;9696819740;B
20240226;100032;61.165;500;9696820125;B
20240226;100033;61.11;1000;9696820151;S
20240226;100033;61.07;100;9696820497;S
20240226;100034;61.07;100;9696820936;S
20240226;100035;61.075;4900;9696821472;B
20240226;100036;61.04;200;9696822406;S
20240226;100037;61.075;10100;9696822681;B
20240226;100037;61.09;1300;9696822682;B
20240226;100037;61.09;4000;9696822683;B
20240226;100037;61.095;1300;9696822684;B
20240226;100037;61.1;1300;9696822685;B
20240226;100037;61.11;1000;9696822686;B
20240226;100037;61.12;1000;9696822687;B
20240226;100039;61.065;500;9696823743;S
20240226;100040;61.07;1000;9696823979;S
20240226;100040;61.07;900;9696823980;S
20240226;100041;61.065;300;9696824756;B
20240226;100042;61.065;1000;9696825116;B
20240226;100044;61;700;9696826704;S
20240226;100046;61.055;100;9696827530;B
20240226;100048;61.055;900;9696828478;B
20240226;100048;61.07;100;9696828479;B
20240226;100048;61.07;1000;9696828480;B
20240226;100048;61.09;6000;9696828481;B
20240226;100049;61.06;2000;9696829017;S
20240226;100052;61.095;100;9696830460;S
20240226;100052;61.1;4600;9696830465;B
20240226;100052;61.105;100;9696830564;S
20240226;100052;61.11;100;9696830595;B
20240226;100052;61.135;1300;9696830596;B
20240226;100052;61.14;700;9696830597;B
20240226;100052;61.14;2500;9696830598;B
20240226;100052;61.14;1300;9696830599;B
20240226;100052;61.145;1300;9696830600;B
20240226;100052;61.15;2200;9696830601;B
20240226;100052;61.16;2000;9696830602;B
20240226;100052;61.165;8800;9696830603;B
20240226;100052;61.165;4000;9696830604;B
20240226;100052;61.17;2000;9696830605;B
20240226;100052;61.17;13000;9696830606;B
20240226;100052;61.18;2000;9696830607;B
20240226;100052;61.18;3600;9696830608;B
20240226;100052;61.19;200;9696830609;B
20240226;100053;61.12;100;9696830938;S
20240226;100053;61.12;5900;9696831238;S
20240226;100053;61.115;8800;9696831239;S
20240226;100053;61.115;5300;9696831240;S
20240226;100054;61.155;1100;9696831385;B
20240226;100054;61.16;1300;9696831386;B
20240226;100054;61.165;1300;9696831387;B
20240226;100054;61.17;4000;9696831388;B
20240226;100054;61.17;1300;9696831389;B
20240226;100054;61.18;2000;9696831390;B
20240226;100054;61.185;8800;9696831391;B
20240226;100054;61.19;600;9696831392;B
20240226;100054;61.19;5000;9696831393;B
20240226;100054;61.195;5000;9696831394;B
20240226;100054;61.195;9600;9696831395;B
20240226;100055;61.18;1300;9696831981;B
20240226;100055;61.18;4000;9696831982;B
20240226;100055;61.185;4700;9696831983;B
20240226;100057;61.18;400;9696833185;B
20240226;100057;61.145;1000;9696833254;S
20240226;100101;61.145;500;9696835228;S
20240226;100101;61.145;300;9696835564;S
20240226;100103;61.145;3800;9696836060;S
20240226;100103;61.145;3000;9696836191;S
20240226;100103;61.145;1400;9696836300;S
20240226;100103;61.135;100;9696836301;S
20240226;100103;61.13;500;9696836302;S
20240226;100103;61.12;2000;9696836364;S
20240226;100104;61.15;100;9696836627;B
20240226;100104;61.16;200;9696836628;B
20240226;100107;61.15;2200;9696837806;B
20240226;100107;61.165;1300;9696837807;B
20240226;100107;61.17;700;9696837808;B
20240226;100107;61.17;1300;9696837809;B
20240226;100107;61.17;500;9696837810;B
20240226;100107;61.17;500;9696837811;B
20240226;100107;61.17;100;9696837812;B
20240226;100107;61.17;400;9696837813;B
20240226;100107;61.17;300;9696837814;B
20240226;100107;61.175;800;9696837815;B
20240226;100108;61.15;500;9696838381;S
20240226;100108;61.12;100;9696838382;S
20240226;100108;61.115;200;9696838383;S
20240226;100108;61.125;4700;9696838460;S
20240226;100108;61.12;1500;9696838461;S
20240226;100112;61.17;100;9696839930;B
20240226;100112;61.175;100;9696839931;B
20240226;100112;61.115;1000;9696839998;S
20240226;100113;61.165;200;9696840594;B
20240226;100114;61.15;100;9696840911;B
20240226;100114;61.16;4900;9696840912;B
20240226;100115;61.12;300;9696841153;S
20240226;100115;61.16;10000;9696841241;B
20240226;100115;61.145;3000;9696841380;S
20240226;100116;61.15;5000;9696841690;B
20240226;100117;61.115;8700;9696842036;S
20240226;100117;61.11;4000;9696842037;S
20240226;100117;61.11;7300;9696842038;S
20240226;100117;61.145;2000;9696842211;B
20240226;100117;61.15;5000;9696842212;B
20240226;100117;61.15;1300;9696842213;B
20240226;100117;61.155;1300;9696842214;B
20240226;100117;61.155;2000;9696842215;B
20240226;100117;61.16;2200;9696842216;B
20240226;100117;61.16;1300;9696842217;B
20240226;100117;61.165;800;9696842218;B
20240226;100117;61.165;2000;9696842219;B
20240226;100117;61.17;2000;9696842220;B
20240226;100117;61.18;100;9696842221;B
20240226;100119;61.16;100;9696842791;B
20240226;100120;61.15;500;9696843227;B
20240226;100121;61.12;100;9696843479;S
20240226;100121;61.115;100;9696843480;S
20240226;100121;61.11;200;9696843481;S
20240226;100121;61.15;400;9696843717;B
20240226;100122;61.115;1000;9696844017;S
20240226;100122;61.15;1000;9696844158;B
20240226;100123;61.15;600;9696844280;B
20240226;100125;61.11;100;9696845218;S
20240226;100126;61.145;200;9696845392;B
20240226;100126;61.15;8800;9696845393;B
20240226;100126;61.15;6000;9696845394;B
20240226;100126;61.155;10000;9696845395;B
20240226;100126;61.105;800;9696845476;S
20240226;100128;61.14;100;9696845910;B
20240226;100128;61.155;400;9696845911;B
20240226;100128;61.11;4000;9696846205;S
20240226;100128;61.15;10000;9696846213;B
20240226;100128;61.155;9600;9696846214;B
20240226;100128;61.165;2300;9696846215;B
20240226;100128;61.165;100;9696846216;B
20240226;100128;61.17;1200;9696846217;B
20240226;100130;61.15;100;9696846787;B
20240226;100130;61.17;800;9696846788;B
20240226;100130;61.17;600;9696846789;B
20240226;100131;61.12;200;9696846865;S
20240226;100132;61.165;200;9696847564;B
20240226;100132;61.17;2000;9696847565;B
20240226;100132;61.175;4000;9696847566;B
20240226;100132;61.18;1900;9696847567;B
20240226;100132;61.18;26900;9696847568;B
20240226;100132;61.17;500;9696847595;B
20240226;100133;61.125;100;9696847790;S
20240226;100133;61.125;400;9696847791;S
20240226;100135;61.15;300;9696848232;B
20240226;100135;61.18;11900;9696848233;B
20240226;100135;61.18;4300;9696848234;B
20240226;100135;61.15;100;9696848357;S
20240226;100138;61.155;100;9696849172;S
20240226;100138;61.15;700;9696849173;S
20240226;100139;61.175;100;9696849754;B
20240226;100139;61.18;400;9696849755;B
20240226;100140;61.15;4000;9696850140;S
20240226;100140;61.155;100;9696850320;S
20240226;100140;61.15;100;9696850321;S
20240226;100143;61.17;2500;9696851308;B
20240226;100143;61.175;100;9696851309;B
20240226;100143;61.18;1400;9696851310;B
20240226;100144;61.18;11800;9696851414;B
20240226;100144;61.15;800;9696851419;S
20240226;100144;61.15;200;9696851512;S
20240226;100145;61.17;100;9696851997;B
20240226;100145;61.18;7100;9696851998;B
20240226;100145;61.18;2000;9696851999;B
20240226;100145;61.185;100;9696852000;B
20240226;100145;61.185;100;9696852001;B
20240226;100145;61.19;2000;9696852002;B
20240226;100145;61.19;2000;9696852003;B
20240226;100145;61.19;100;9696852004;B
20240226;100145;61.19;900;9696852005;B
20240226;100145;61.195;5000;9696852006;B
20240226;100145;61.195;200;9696852007;B
20240226;100145;61.195;1100;9696852008;B
20240226;100145;61.195;400;9696852009;B
20240226;100145;61.2;27800;9696852010;B
20240226;100145;61.2;1100;9696852011;B
20240226;100147;61.175;100;9696852475;B
20240226;100149;61.165;100;9696853076;S
20240226;100149;61.16;200;9696853077;S
20240226;100149;61.155;4700;9696853078;S
20240226;100149;61.195;1300;9696853259;B
20240226;100149;61.2;11200;9696853260;B
20240226;100151;61.19;100;9696853847;B
20240226;100151;61.195;900;9696853848;B
20240226;100153;61.165;100;9696854679;S
20240226;100153;61.16;600;9696854680;S
20240226;100155;61.19;100;9696855382;B
20240226;100155;61.195;3900;9696855383;B
20240226;100157;61.195;200;9696856117;B
20240226;100157;61.195;300;9696856118;B
20240226;100158;61.18;3000;9696856330;B
20240226;100203;61.18;17000;9696857974;B
20240226;100203;61.18;3000;9696857975;B
20240226;100203;61.18;16400;9696857976;B
20240226;100203;61.19;22500;9696857977;B
20240226;100203;61.19;100;9696857978;B
20240226;100203;61.195;2200;9696857979;B
20240226;100203;61.195;2500;9696857980;B
20240226;100203;61.2;60200;9696857981;B
20240226;100203;61.2;43700;9696857982;B
20240226;100203;61.2;12000;9696857983;B
20240226;100203;61.2;8700;9696857984;B
20240226;100203;61.2;112300;9696857985;B
20240226;100203;61.2;50000;9696857986;B
20240226;100203;61.2;62900;9696857987;B
20240226;100203;61.2;14800;9696857988;B
20240226;100203;61.2;6100;9696857989;B
20240226;100203;61.2;31000;9696857990;B
20240226;100203;61.2;34600;9696857991;B
20240226;100203;61.2;400;9696857992;B
20240226;100203;61.185;300;9696858206;S
20240226;100204;61.2;5300;9696858482;B
20240226;100204;61.195;100;9696858772;B
20240226;100204;61.195;3000;9696858773;B
20240226;100204;61.2;26900;9696858774;B
20240226;100205;61.2;2000;9696858783;B
20240226;100205;61.2;800;9696858791;B
20240226;100205;61.19;2000;9696858859;S
20240226;100205;61.18;1300;9696858860;S
20240226;100205;61.18;2000;9696858861;S
20240226;100205;61.18;4700;9696858862;S
20240226;100208;61.19;600;9696860055;B
20240226;100208;61.19;9400;9696860161;B
20240226;100208;61.19;600;9696860162;B
20240226;100208;61.185;2000;9696860192;S
20240226;100208;61.175;300;9696860193;S
20240226;100209;61.2;500;9696860451;B
20240226;100210;61.2;500;9696860578;B
20240226;100210;61.2;1000;9696860847;B
20240226;100211;61.2;20000;9696861234;B
20240226;100212;61.18;2000;9696861292;S
20240226;100212;61.175;1600;9696861293;S
20240226;100212;61.175;400;9696861294;S
20240226;100212;61.19;900;9696861471;S
20240226;100212;61.2;7500;9696861499;B
20240226;100212;61.2;7500;9696861580;B
20240226;100213;61.2;2000;9696861650;B
20240226;100213;61.2;2000;9696861652;B
20240226;100213;61.2;2000;9696861660;B
20240226;100213;61.2;2000;9696861661;B
20240226;100213;61.2;2000;9696861663;B
20240226;100213;61.2;2000;9696861664;B
20240226;100213;61.2;2000;9696861704;B
20240226;100213;61.2;200;9696861716;B
20240226;100213;61.2;2000;9696861717;B
20240226;100213;61.2;12800;9696861864;B
20240226;100213;61.2;7200;9696861865;B
20240226;100213;61.2;2000;9696861866;B
20240226;100213;61.2;2000;9696861867;B
20240226;100214;61.2;100;9696862150;B
20240226;100216;61.16;1000;9696862734;S
20240226;100216;61.16;100;9696862765;S
20240226;100217;61.2;1600;9696863075;B
20240226;100217;61.185;2000;9696863124;B
20240226;100217;61.185;2000;9696863125;B
20240226;100217;61.16;900;9696863249;S
20240226;100217;61.16;1300;9696863250;S
20240226;100217;61.16;2800;9696863251;S
20240226;100218;61.185;700;9696863508;B
20240226;100220;61.185;5300;9696863964;B
20240226;100220;61.185;3000;9696863965;B
20240226;100220;61.2;1700;9696863966;B
20240226;100221;61.2;200;9696864296;B
20240226;100221;61.2;100;9696864682;B
20240226;100222;61.2;11400;9696864802;B
20240226;100222;61.2;12300;9696864803;B
20240226;100222;61.2;6300;9696864804;B
20240226;100222;61.17;500;9696864845;S
20240226;100222;61.2;1000;9696864849;B
20240226;100222;61.16;100;9696865031;S
20240226;100223;61.2;1000;9696865108;B
20240226;100225;61.19;100;9696865622;S
20240226;100225;61.195;2200;9696865858;B
20240226;100225;61.195;600;9696865859;B
20240226;100226;61.16;2000;9696866154;S
20240226;100226;61.16;1300;9696866155;S
20240226;100226;61.16;4000;9696866156;S
20240226;100226;61.16;2000;9696866157;B
20240226;100226;61.16;2000;9696866159;B
20240226;100226;61.16;2000;9696866160;B
20240226;100226;61.16;2000;9696866172;B
20240226;100226;61.16;1700;9696866173;B
20240226;100226;61.16;300;9696866174;B
20240226;100226;61.16;2000;9696866176;B
20240226;100226;61.16;700;9696866177;B
20240226;100228;61.2;500;9696866488;B
20240226;100228;61.195;500;9696866527;S
20240226;100228;61.195;1500;9696866716;S
20240226;100228;61.19;1000;9696866717;S
20240226;100228;61.19;1300;9696866718;S
20240226;100229;61.175;1700;9696866911;S
20240226;100229;61.19;20000;9696866926;B
20240226;100230;61.19;10600;9696867215;B
20240226;100230;61.19;3000;9696867216;B
20240226;100230;61.2;1200;9696867217;B
20240226;100230;61.2;11600;9696867218;B
20240226;100230;61.2;15600;9696867219;B
20240226;100230;61.2;2000;9696867220;B
20240226;100230;61.2;8000;9696867221;B
20240226;100230;61.2;200;9696867222;B
20240226;100230;61.2;1000;9696867223;B
20240226;100230;61.2;100;9696867224;B
20240226;100230;61.2;1000;9696867225;B
20240226;100230;61.2;300;9696867226;B
20240226;100230;61.2;700;9696867227;B
20240226;100230;61.2;10000;9696867228;B
20240226;100230;61.2;1400;9696867229;B
20240226;100230;61.2;2700;9696867288;B
20240226;100231;61.2;20000;9696867556;B
20240226;100231;61.2;1000;9696867596;B
20240226;100231;61.2;400;9696867722;B
20240226;100231;61.195;2000;9696867758;S
20240226;100231;61.2;1500;9696867789;B
20240226;100231;61.2;16300;9696867790;B
20240226;100231;61.2;5000;9696867791;B
20240226;100231;61.2;2500;9696867792;B
20240226;100231;61.2;2000;9696867793;B
20240226;100231;61.2;100;9696867794;B
20240226;100231;61.2;1700;9696867795;B
20240226;100231;61.2;5000;9696867796;B
20240226;100231;61.2;3000;9696867797;B
20240226;100231;61.2;2000;9696867798;B
20240226;100231;61.195;500;9696867825;S
20240226;100231;61.195;1300;9696867826;S
20240226;100231;61.195;700;9696867827;S
20240226;100232;61.2;8000;9696867842;B
20240226;100232;61.165;100;9696867863;S
20240226;100232;61.2;6200;9696867982;B
20240226;100232;61.2;1800;9696867983;B
20240226;100233;61.2;300;9696868266;B
20240226;100234;61.2;100;9696868654;B
20240226;100234;61.2;100;9696868695;B
20240226;100234;61.2;10000;9696868767;B
20240226;100236;61.2;100;9696869266;B
20240226;100236;61.2;3000;9696869360;B
20240226;100237;61.195;500;9696869556;S
20240226;100237;61.195;100;9696869604;S
20240226;100237;61.2;18000;9696869672;B
20240226;100237;61.195;100;9696869758;S
20240226;100237;61.2;1700;9696869790;B
20240226;100238;61.2;9400;9696869974;B
20240226;100238;61.2;600;9696869975;B
20240226;100238;61.195;100;9696870148;S
20240226;100240;61.2;2000;9696870721;B
20240226;100240;61.2;2000;9696870724;B
20240226;100240;61.2;800;9696870729;B
20240226;100240;61.195;200;9696870743;S
20240226;100240;61.195;600;9696870744;S
20240226;100241;61.2;100;9696870965;B
20240226;100241;61.195;700;9696871036;B
20240226;100241;61.195;300;9696871038;B
20240226;100242;61.19;1000;9696871123;B
20240226;100243;61.195;1000;9696871429;B
20240226;100243;61.2;500;9696871430;B
20240226;100243;61.19;1000;9696871762;S
20240226;100243;61.19;2000;9696871763;S
20240226;100243;61.19;1300;9696871764;S
20240226;100243;61.185;700;9696871765;S
20240226;100245;61.165;1900;9696872339;S
20240226;100245;61.16;2100;9696872340;S
20240226;100245;61.195;100;9696872396;B
20240226;100246;61.195;400;9696872448;B
20240226;100246;61.165;2000;9696872600;S
20240226;100246;61.165;1300;9696872601;S
20240226;100246;61.165;4000;9696872602;S
20240226;100246;61.16;1300;9696872603;S
20240226;100246;61.16;7400;9696872604;S
20240226;100248;61.195;500;9696873419;B
20240226;100248;61.195;200;9696873420;B
20240226;100248;61.2;9300;9696873421;B
20240226;100249;61.17;100;9696873758;S
20240226;100250;61.2;100;9696873937;B
20240226;100250;61.2;100;9696873938;B
20240226;100250;61.2;800;9696873939;B
20240226;100252;61.195;300;9696874893;B
20240226;100252;61.2;200;9696874894;B
20240226;100255;61.19;100;9696875748;S
20240226;100256;61.19;300;9696876163;S
20240226;100257;61.19;1100;9696876248;S
20240226;100257;61.185;600;9696876249;S
20240226;100258;61.175;200;9696876585;S
20240226;100259;61.18;500;9696876938;B
20240226;100259;61.175;1100;9696877055;S
20240226;100259;61.17;1900;9696877056;S
20240226;100300;61.175;1000;9696877372;S
20240226;100300;61.175;300;9696877373;S
20240226;100300;61.17;600;9696877382;S
20240226;100303;61.175;700;9696878294;B
20240226;100303;61.175;500;9696878295;B
20240226;100303;61.18;3500;9696878296;B
20240226;100303;61.18;200;9696878297;B
20240226;100303;61.19;100;9696878298;B
20240226;100304;61.195;200;9696878936;B
20240226;100304;61.195;2800;9696878972;B
20240226;100304;61.195;100;9696878973;B
20240226;100304;61.195;100;9696878974;B
20240226;100304;61.195;2100;9696879254;B
20240226;100304;61.195;3600;9696879255;B
20240226;100304;61.195;100;9696879256;B
20240226;100304;61.2;36200;9696879257;B
20240226;100304;61.18;2000;9696879284;S
20240226;100304;61.18;1300;9696879285;S
20240226;100304;61.175;1300;9696879286;S
20240226;100304;61.175;1400;9696879287;S
20240226;100304;61.175;3500;9696879288;S
20240226;100304;61.17;22400;9696879289;S
20240226;100304;61.17;1300;9696879290;S
20240226;100304;61.17;1600;9696879291;S
20240226;100305;61.17;100;9696879471;S
20240226;100306;61.17;100;9696879797;S
20240226;100307;61.175;900;9696879993;B
20240226;100307;61.175;100;9696879994;B
20240226;100307;61.185;100;9696880064;B
20240226;100307;61.195;3600;9696880065;B
20240226;100307;61.2;16300;9696880066;B
20240226;100308;61.18;2000;9696880528;S
20240226;100308;61.18;1300;9696880529;S
20240226;100308;61.175;3400;9696880530;S
20240226;100308;61.175;1300;9696880531;S
20240226;100308;61.17;200;9696880532;S
20240226;100308;61.17;1300;9696880533;S
20240226;100308;61.17;1800;9696880534;S
20240226;100308;61.165;12000;9696880535;S
20240226;100308;61.16;6700;9696880536;S
20240226;100308;61.17;900;9696880588;S
20240226;100309;61.2;600;9696880705;B
20240226;100309;61.2;100;9696880952;B
20240226;100309;61.185;4900;9696881006;B
20240226;100310;61.17;1100;9696881334;S
20240226;100310;61.17;10000;9696881335;S
20240226;100310;61.17;1100;9696881336;S
20240226;100310;61.185;100;9696881422;B
20240226;100310;61.195;200;9696881423;B
20240226;100310;61.2;1300;9696881488;B
20240226;100311;61.195;800;9696881597;B
20240226;100313;61.195;14200;9696882373;B
20240226;100313;61.195;500;9696882374;B
20240226;100313;61.195;3600;9696882375;B
20240226;100313;61.2;34600;9696882376;B
20240226;100313;61.2;16100;9696882377;B
20240226;100313;61.2;79000;9696882378;B
20240226;100313;61.2;5100;9696882379;B
20240226;100313;61.2;500;9696882380;B
20240226;100313;61.2;500;9696882381;B
20240226;100313;61.2;200;9696882382;B
20240226;100313;61.2;800;9696882383;B
20240226;100313;61.2;1500;9696882384;B
20240226;100313;61.2;2000;9696882385;B
20240226;100313;61.2;2000;9696882388;B
20240226;100316;61.195;17300;9696882995;B
20240226;100316;61.195;5400;9696883058;B
20240226;100316;61.2;41100;9696883059;B
20240226;100316;61.2;400;9696883060;B
20240226;100316;61.2;3500;9696883061;B
20240226;100316;61.19;100;9696883181;S
20240226;100317;61.19;400;9696883280;S
20240226;100317;61.19;100;9696883559;S
20240226;100318;61.2;200;9696883779;B
20240226;100319;61.2;23500;9696883963;B
20240226;100319;61.2;500;9696883964;B
20240226;100319;61.2;2000;9696884051;B
20240226;100319;61.2;2000;9696884057;B
20240226;100319;61.2;2000;9696884210;B
20240226;100321;61.2;100;9696884494;B
20240226;100321;61.19;100;9696884731;S
20240226;100322;61.195;2200;9696884905;B
20240226;100322;61.2;100;9696884983;B
20240226;100323;61.19;1000;9696885154;S
20240226;100323;61.19;300;9696885155;S
20240226;100323;61.19;700;9696885156;S
20240226;100324;61.19;200;9696885743;S
20240226;100325;61.195;1000;9696885801;B
20240226;100325;61.2;500;9696886024;B
20240226;100325;61.2;1100;9696886074;B
20240226;100325;61.2;1500;9696886293;B
20240226;100327;61.2;800;9696886836;B
20240226;100327;61.2;5000;9696886839;B
20240226;100327;61.2;200;9696886840;B
20240226;100327;61.2;4800;9696886841;B
20240226;100327;61.2;5200;9696886843;B
20240226;100327;61.2;100;9696886844;B
20240226;100327;61.205;300;9696886845;B
20240226;100327;61.205;300;9696886846;B
20240226;100327;61.205;200;9696886847;B
20240226;100327;61.205;200;9696886848;B
20240226;100327;61.205;200;9696886849;B
20240226;100327;61.205;200;9696886850;B
20240226;100327;61.205;600;9696886851;B
20240226;100327;61.205;500;9696886852;B
20240226;100327;61.205;400;9696886853;B
20240226;100327;61.205;300;9696886854;B
20240226;100327;61.205;300;9696886855;B
20240226;100327;61.205;200;9696886856;B
20240226;100327;61.205;200;9696886857;B
20240226;100327;61.205;200;9696886858;B
20240226;100327;61.205;200;9696886859;B
20240226;100327;61.205;200;9696886860;B
20240226;100327;61.205;200;9696886861;B
20240226;100327;61.205;100;9696886862;B
20240226;100327;61.205;200;9696886863;B
20240226;100327;61.205;100;9696886864;B
20240226;100327;61.205;100;9696886865;B
20240226;100327;61.205;100;9696886866;B
20240226;100327;61.205;100;9696886867;B
20240226;100327;61.205;100;9696886868;B
20240226;100327;61.205;100;9696886869;B
20240226;100327;61.205;100;9696886870;B
20240226;100327;61.205;100;9696886871;B
20240226;100327;61.205;100;9696886872;B
20240226;100327;61.205;200;9696886873;B
20240226;100327;61.21;100;9696886874;B
20240226;100327;61.21;300;9696886875;B
20240226;100327;61.21;100;9696886876;B
20240226;100327;61.21;600;9696886877;B
20240226;100327;61.215;100;9696886878;B
20240226;100327;61.215;1100;9696886879;B
20240226;100327;61.22;2400;9696886880;B
20240226;100327;61.22;200;9696886881;B
20240226;100327;61.22;100;9696886882;B
20240226;100327;61.22;1000;9696886883;S
20240226;100327;61.23;700;9696886885;B
20240226;100327;61.23;500;9696886886;B
20240226;100327;61.23;500;9696886887;B
20240226;100327;61.23;400;9696886888;B
20240226;100327;61.23;300;9696886889;B
20240226;100327;61.24;5000;9696886927;B
20240226;100327;61.24;500;9696886928;B
20240226;100327;61.245;200;9696886929;B
20240226;100327;61.245;100;9696886930;B
20240226;100327;61.25;200;9696886931;B
20240226;100327;61.25;4000;9696886932;B
20240226;100327;61.25;100;9696886971;B
20240226;100328;61.25;700;9696887108;B
20240226;100328;61.25;1000;9696887109;B
20240226;100328;61.25;100;9696887110;B
20240226;100328;61.25;500;9696887111;B
20240226;100328;61.255;100;9696887112;B
20240226;100328;61.26;1000;9696887113;B
20240226;100328;61.26;200;9696887114;B
20240226;100328;61.265;200;9696887119;B
20240226;100328;61.26;6400;9696887126;S
20240226;100328;61.255;1300;9696887127;S
20240226;100328;61.25;1300;9696887128;S
20240226;100328;61.245;1300;9696887129;S
20240226;100328;61.19;1000;9696887231;S
20240226;100328;61.23;3300;9696887290;B
20240226;100328;61.24;4500;9696887291;B
20240226;100328;61.24;2200;9696887292;B
20240226;100329;61.2;100;9696887392;S
20240226;100329;61.19;500;9696887405;S
20240226;100329;61.19;300;9696887415;S
20240226;100329;61.19;600;9696887416;S
20240226;100329;61.24;4000;9696887449;B
20240226;100330;61.19;100;9696887582;S
20240226;100331;61.205;700;9696887852;S
20240226;100332;61.24;400;9696888156;B
20240226;100332;61.205;1300;9696888280;S
20240226;100332;61.205;1300;9696888281;S
20240226;100332;61.2;4900;9696888282;S
20240226;100333;61.24;10000;9696888407;B
20240226;100334;61.22;1300;9696888647;S
20240226;100334;61.215;1700;9696888648;S
20240226;100334;61.24;10000;9696888834;B
20240226;100334;61.24;3400;9696889000;B
20240226;100334;61.24;20000;9696889066;B
20240226;100335;61.24;10000;9696889234;B
20240226;100336;61.22;1000;9696889638;S
20240226;100336;61.215;100;9696889736;S
20240226;100338;61.225;400;9696890244;B
20240226;100338;61.225;1300;9696890281;B
20240226;100338;61.215;400;9696890324;S
20240226;100339;61.225;2900;9696890479;B
20240226;100339;61.23;100;9696890480;B
20240226;100340;61.205;500;9696890661;S
20240226;100340;61.205;1500;9696890665;S
20240226;100340;61.205;1300;9696890666;S
20240226;100340;61.2;4700;9696890667;S
20240226;100341;61.23;800;9696891107;B
20240226;100341;61.235;200;9696891108;B
20240226;100342;61.235;500;9696891362;B
20240226;100342;61.205;1300;9696891500;S
20240226;100342;61.205;1900;9696891501;S
20240226;100342;61.2;26800;9696891502;S
20240226;100343;61.235;5000;9696891537;B
20240226;100343;61.235;1000;9696891553;B
20240226;100343;61.23;100;9696891648;S
20240226;100344;61.23;100;9696891822;S
20240226;100344;61.23;400;9696891981;S
20240226;100344;61.23;2000;9696892002;S
20240226;100344;61.23;500;9696892003;S
20240226;100344;61.23;100;9696892021;B
20240226;100344;61.205;100;9696892026;S
20240226;100344;61.2;200;9696892027;S
20240226;100346;61.225;100;9696892391;B
20240226;100346;61.23;1400;9696892392;B
20240226;100346;61.23;500;9696892393;B
20240226;100347;61.205;500;9696892754;S
20240226;100347;61.2;4500;9696892755;S
20240226;100348;61.215;7500;9696892816;B
20240226;100348;61.22;2000;9696892817;B
20240226;100351;61.22;500;9696893529;S
20240226;100351;61.2;500;9696893530;S
20240226;100351;61.2;4900;9696893715;S
20240226;100352;61.2;20000;9696893909;S
20240226;100353;61.2;8400;9696894061;S
20240226;100353;61.2;100;9696894062;S
20240226;100353;61.2;5000;9696894063;S
20240226;100353;61.19;3000;9696894064;S
20240226;100353;61.19;1300;9696894065;S
20240226;100353;61.185;100;9696894066;S
20240226;100354;61.18;100;9696894306;S
20240226;100355;61.175;500;9696894800;S
20240226;100355;61.175;1500;9696894807;S
20240226;100355;61.16;58500;9696894808;S
20240226;100357;61.16;19600;9696895322;S
20240226;100358;61.16;15200;9696895508;S
20240226;100358;61.155;2600;9696895509;S
20240226;100358;61.15;16500;9696895510;S
20240226;100358;61.15;12600;9696895518;S
20240226;100358;61.15;100;9696895519;S
20240226;100358;61.15;9000;9696895520;S
20240226;100359;61.175;1600;9696895650;B
20240226;100359;61.15;5000;9696895780;S
20240226;100400;61.175;100;9696895930;B
20240226;100401;61.15;34200;9696896242;S
20240226;100401;61.15;1800;9696896245;S
20240226;100402;61.15;2000;9696896426;B
20240226;100402;61.155;6100;9696896427;B
20240226;100402;61.16;2000;9696896428;B
20240226;100402;61.165;1300;9696896429;B
20240226;100402;61.17;2000;9696896430;B
20240226;100402;61.17;1300;9696896431;B
20240226;100402;61.175;300;9696896432;B
20240226;100402;61.12;100;9696896540;S
20240226;100403;61.115;100;9696896839;S
20240226;100403;61.115;900;9696896840;S
20240226;100404;61.115;2700;9696896893;S
20240226;100404;61.115;800;9696896894;S
20240226;100404;61.11;300;9696896895;S
20240226;100404;61.11;1200;9696896896;S
20240226;100405;61.14;100;9696897307;B
20240226;100406;61.14;900;9696897514;B
20240226;100406;61.11;1000;9696897557;S
20240226;100406;61.105;44900;9696897558;S
20240226;100406;61.105;4000;9696897624;S
20240226;100407;61.135;100;9696897876;B
20240226;100408;61.14;200;9696898366;B
20240226;100409;61.145;100;9696898431;B
20240226;100410;61.11;100;9696898845;S
20240226;100410;61.145;3400;9696898925;B
20240226;100411;61.145;500;9696899228;B
20240226;100411;61.145;900;9696899229;B
20240226;100411;61.15;1600;9696899230;B
20240226;100412;61.11;500;9696899425;S
20240226;100415;61.11;1300;9696900265;S
20240226;100415;61.105;15700;9696900266;S
20240226;100415;61.11;1300;9696900268;S
20240226;100415;61.105;29900;9696900269;S
20240226;100415;61.105;300;9696900270;S
20240226;100415;61.105;1300;9696900271;S
20240226;100415;61.1;9000;9696900272;S
20240226;100415;61.1;100;9696900273;S
20240226;100415;61.1;500;9696900274;S
20240226;100415;61.1;15000;9696900275;S
20240226;100416;61.1;1000;9696900491;S
20240226;100416;61.1;200;9696900492;S
20240226;100416;61.1;200;9696900493;S
20240226;100416;61.095;900;9696900494;S
20240226;100416;61.09;1300;9696900495;S
20240226;100416;61.085;4000;9696900496;S
20240226;100416;61.085;1300;9696900497;S
20240226;100416;61.08;1300;9696900498;S
20240226;100416;61.06;200;9696900499;S
20240226;100416;61.055;5500;9696900500;S
20240226;100416;61.05;100;9696900501;S
20240226;100416;61.05;200;9696900653;S
20240226;100417;61.05;400;9696900978;S
20240226;100419;61.095;500;9696901237;B
20240226;100419;61.055;500;9696901249;S
20240226;100419;61.055;4000;9696901250;S
20240226;100419;61.055;100;9696901278;B
20240226;100419;61.055;200;9696901292;B
20240226;100419;61.05;100;9696901440;S
20240226;100420;61.05;600;9696901516;S
20240226;100420;61.05;1900;9696901517;S
20240226;100420;61.05;1900;9696901518;B
20240226;100420;61.05;300;9696901658;B
20240226;100420;61.05;500;9696901757;B
20240226;100421;61.095;6000;9696901855;B
20240226;100421;61.1;1800;9696901856;B
20240226;100421;61.12;800;9696901857;B
20240226;100421;61.125;2000;9696901858;B
20240226;100421;61.125;800;9696901859;B
20240226;100421;61.13;1300;9696901860;B
20240226;100421;61.135;2000;9696901861;B
20240226;100421;61.135;1300;9696901862;B
20240226;100421;61.14;1600;9696901863;B
20240226;100421;61.095;100;9696902052;B
20240226;100422;61.08;100;9696902163;S
20240226;100422;61.095;4900;9696902294;B
20240226;100422;61.1;1100;9696902295;B
20240226;100423;61.08;200;9696902485;S
20240226;100426;61.07;500;9696903930;S
20240226;100427;61.07;4300;9696904335;S
20240226;100428;61.07;1200;9696904428;S
20240226;100428;61.065;800;9696904429;S
20240226;100430;61.105;200;9696905187;B
20240226;100433;61.11;300;9696906071;B
20240226;100438;61.095;100;9696907504;S
20240226;100439;61.095;100;9696907960;S
20240226;100439;61.095;700;9696908194;S
20240226;100444;61.1;100;9696909667;B
20240226;100444;61.085;200;9696909714;S
20240226;100447;61.105;500;9696910666;S
20240226;100448;61.105;100;9696910792;S
20240226;100448;61.1;100;9696910793;S
20240226;100448;61.1;5000;9696910794;S
20240226;100448;61.1;1200;9696910795;S
20240226;100448;61.08;1900;9696910796;S
20240226;100448;61.08;1300;9696910797;S
20240226;100448;61.075;2000;9696910798;S
20240226;100448;61.075;1300;9696910799;S
20240226;100448;61.07;2000;9696910800;S
20240226;100448;61.07;1300;9696910801;S
20240226;100448;61.06;2000;9696910802;S
20240226;100448;61.06;4000;9696910803;S
20240226;100448;61.05;800;9696910804;S
20240226;100448;61.05;1700;9696910805;S
20240226;100448;61.045;200;9696910806;S
20240226;100448;61.09;600;9696910935;B
20240226;100448;61.085;3000;9696910998;B
20240226;100448;61.085;1200;9696910999;B
20240226;100449;61.095;800;9696911099;S
20240226;100452;61.06;100;9696911985;S
20240226;100452;61.055;300;9696911986;S
20240226;100452;61.055;1300;9696912245;S
20240226;100452;61.05;200;9696912246;S
20240226;100454;61.09;800;9696912527;B
20240226;100459;61.085;100;9696913853;B
20240226;100502;61.06;100;9696914938;S
20240226;100502;61.09;200;9696914939;B
20240226;100502;61.09;100;9696914940;B
20240226;100502;61.09;800;9696914941;B
20240226;100505;61.055;100;9696915756;S
20240226;100506;61.055;1000;9696916146;S
20240226;100506;61.055;900;9696916147;S
20240226;100506;61.055;100;9696916148;B
20240226;100509;61.065;1000;9696916938;B
20240226;100511;61.055;1000;9696917301;S
20240226;100514;61.05;1100;9696918163;S
20240226;100514;61.045;400;9696918164;S
20240226;100514;61.075;100;9696918178;B
20240226;100514;61.08;200;9696918323;B
20240226;100514;61.085;200;9696918324;B
20240226;100514;61.09;1000;9696918325;B
20240226;100514;61.095;8800;9696918326;B
20240226;100514;61.095;5500;9696918327;B
20240226;100514;61.1;14300;9696918328;B
20240226;100514;61.065;600;9696918450;S
20240226;100515;61.065;1400;9696918555;S
20240226;100515;61.065;600;9696918556;S
20240226;100515;61.065;400;9696918557;S
20240226;100515;61.065;1600;9696918558;B
20240226;100516;61.07;100;9696919019;S
20240226;100516;61.065;1900;9696919020;S
20240226;100517;61.055;1200;9696919066;S
20240226;100517;61.095;100;9696919101;B
20240226;100517;61.095;9800;9696919200;B
20240226;100517;61.095;1000;9696919201;B
20240226;100517;61.1;700;9696919202;B
20240226;100517;61.1;100;9696919203;B
20240226;100517;61.11;200;9696919204;B
20240226;100517;61.11;7500;9696919205;B
20240226;100517;61.11;200;9696919206;B
20240226;100517;61.115;4000;9696919207;B
20240226;100517;61.115;2000;9696919208;B
20240226;100517;61.12;1300;9696919209;B
20240226;100517;61.12;200;9696919210;B
20240226;100517;61.12;9000;9696919211;B
20240226;100517;61.125;4000;9696919212;B
20240226;100517;61.08;200;9696919264;S
20240226;100517;61.09;100;9696919282;B
20240226;100518;61.125;200;9696919560;B
20240226;100521;61.09;4000;9696920889;S
20240226;100521;61.085;100;9696920890;S
20240226;100521;61.08;1000;9696920891;S
20240226;100521;61.075;2000;9696920892;S
20240226;100521;61.075;1300;9696920893;S
20240226;100521;61.07;1300;9696920894;S
20240226;100521;61.065;300;9696920895;S
20240226;100521;61.07;2000;9696920899;S
20240226;100521;61.07;100;9696921041;S
20240226;100527;61.065;100;9696922680;S
20240226;100529;61.06;100;9696923192;S
20240226;100530;61.065;300;9696923618;B
20240226;100530;61.08;100;9696923619;B
20240226;100530;61.085;100;9696923620;B
20240226;100533;61.06;100;9696924489;S
20240226;100533;61.055;1900;9696924490;S
20240226;100533;61.085;1000;9696924637;B
20240226;100534;61.055;1500;9696924912;S
20240226;100534;61.05;1000;9696924913;S
20240226;100534;61.045;500;9696924914;S
20240226;100536;61.055;500;9696925371;S
20240226;100539;61.055;500;9696926346;S
20240226;100539;61.05;200;9696926347;S
20240226;100542;61.075;100;9696927014;B
20240226;100542;61.075;200;9696927015;B
20240226;100545;61.055;100;9696928207;S
20240226;100546;61.055;100;9696928419;S
20240226;100546;61.08;900;9696928428;B
20240226;100546;61.085;400;9696928429;B
20240226;100546;61.085;300;9696928430;B
20240226;100547;61.055;200;9696928594;S
20240226;100547;61.055;700;9696928683;S
20240226;100547;61.055;300;9696928684;S
20240226;100547;61.055;600;9696928685;S
20240226;100548;61.05;100;9696928820;S
20240226;100548;61.05;500;9696928845;S
20240226;100548;61.05;700;9696928846;S
20240226;100548;61.045;200;9696928865;S
20240226;100551;61.045;300;9696929810;S
20240226;100552;61.045;400;9696930268;S
20240226;100554;61.045;100;9696930696;S
20240226;100554;61.045;4900;9696930697;S
20240226;100554;61.045;200;9696930698;S
20240226;100554;61.05;100;9696930881;B
20240226;100554;61.055;200;9696930882;B
20240226;100555;61.045;100;9696930995;B
20240226;100555;61.03;400;9696931043;S
20240226;100555;61.03;1300;9696931064;S
20240226;100601;61.03;3000;9696932887;S
20240226;100603;61.04;100;9696933330;B
20240226;100603;61.05;200;9696933331;B
20240226;100603;61.055;900;9696933332;B
20240226;100603;61.06;1000;9696933333;B
20240226;100603;61.065;800;9696933334;B
20240226;100605;61.065;1200;9696933911;B
20240226;100605;61.065;1000;9696933912;B
20240226;100605;61.065;1000;9696933913;B
20240226;100605;61.07;900;9696933914;B
20240226;100605;61.07;1000;9696933915;B
20240226;100605;61.075;2000;9696933916;B
20240226;100605;61.075;1000;9696933917;B
20240226;100605;61.075;3700;9696933918;B
20240226;100605;61.08;1000;9696933919;B
20240226;100605;61.08;1000;9696933920;B
20240226;100605;61.085;1200;9696933921;B
20240226;100608;61.04;5000;9696934633;S
20240226;100610;61.04;200;9696935051;S
20240226;100613;61.03;100;9696935842;S
20240226;100614;61.03;400;9696936090;S
20240226;100615;61.07;1000;9696936377;B
20240226;100615;61.07;900;9696936378;B
20240226;100615;61.075;1000;9696936379;B
20240226;100615;61.075;800;9696936380;B
20240226;100615;61.075;2000;9696936381;B
20240226;100615;61.075;4000;9696936382;S
20240226;100615;61.075;300;9696936383;S
20240226;100618;61.04;1000;9696937130;S
20240226;100618;61.04;200;9696937193;S
20240226;100619;61.04;200;9696937569;S
20240226;100621;61.055;1000;9696938013;B
20240226;100621;61.04;3000;9696938014;S
20240226;100621;61.055;300;9696938078;B
20240226;100622;61.04;600;9696938377;S
20240226;100626;61.04;100;9696939435;B
20240226;100629;61.04;100;9696940045;B
20240226;100629;61.04;1500;9696940206;B
20240226;100631;61.04;100;9696940698;B
20240226;100631;61.04;7600;9696940699;B
20240226;100633;61.045;900;9696941103;S
20240226;100633;61.045;100;9696941104;S
20240226;100633;61.045;300;9696941384;S
20240226;100634;61.055;100;9696941850;B
20240226;100635;61.045;300;9696942136;S
20240226;100638;61.045;900;9696942979;S
20240226;100638;61.045;100;9696942980;S
20240226;100639;61.055;100;9696943424;B
20240226;100642;61.055;3700;9696944340;B
20240226;100644;61.04;100;9696944793;S
20240226;100644;61.035;100;9696944794;S
20240226;100644;61.055;400;9696944876;B
20240226;100646;61.04;300;9696945383;S
20240226;100646;61.035;700;9696945384;S
20240226;100648;61.035;1000;9696945873;S
20240226;100648;61.035;500;9696945923;S
20240226;100649;61.035;2000;9696946061;S
20240226;100649;61.035;200;9696946062;S
20240226;100650;61.045;200;9696946458;B
20240226;100650;61.035;500;9696946490;S
20240226;100650;61.03;1500;9696946491;S
20240226;100651;61.03;600;9696946678;S
20240226;100652;61.03;500;9696946963;S
20240226;100654;61.03;100;9696947439;S
20240226;100655;61.03;1900;9696947614;S
20240226;100655;61.03;2500;9696947615;S
20240226;100655;61.03;1600;9696947645;B
20240226;100655;61.03;1000;9696947646;B
20240226;100657;61.03;800;9696948434;S
20240226;100700;61.03;200;9696949079;S
20240226;100702;61.03;100;9696949793;S
20240226;100702;61.03;100;9696949811;S
20240226;100704;61.035;1600;9696950523;B
20240226;100705;61.03;100;9696950738;S
20240226;100705;61.03;100;9696950866;S
20240226;100705;61.03;200;9696950867;S
20240226;100705;61.03;800;9696950959;S
20240226;100705;61.03;200;9696950960;S
20240226;100705;61.03;5000;9696950961;S
20240226;100706;61.03;4000;9696950983;S
20240226;100706;61.03;100;9696951075;S
20240226;100706;61.03;18100;9696951149;S
20240226;100706;61.03;1400;9696951151;S
20240226;100706;61.03;1200;9696951152;S
20240226;100709;61.025;900;9696951742;B
20240226;100709;61.025;1000;9696951743;B
20240226;100709;61.03;1000;9696951744;B
20240226;100709;61.03;1000;9696951745;B
20240226;100709;61.03;3900;9696951746;B
20240226;100709;61.03;4000;9696951747;S
20240226;100709;61.035;3300;9696951799;B
20240226;100710;61.03;4600;9696951989;S
20240226;100711;61.015;600;9696952471;B
20240226;100711;61.015;1400;9696952497;B
20240226;100711;61.015;1000;9696952498;B
20240226;100711;61.02;900;9696952499;B
20240226;100711;61.02;1000;9696952500;B
20240226;100711;61.025;700;9696952501;B
20240226;100713;61.01;100;9696952840;S
20240226;100713;61.005;900;9696952841;S
20240226;100714;61.005;100;9696953299;S
20240226;100715;61.005;400;9696953345;S
20240226;100716;61;3300;9696953587;S
20240226;100716;61;11700;9696953770;S
20240226;100717;61.015;100;9696954011;B
20240226;100722;61;10000;9696955200;S
20240226;100723;61;8100;9696955501;S
20240226;100724;61.005;500;9696955673;B
20240226;100725;61.005;100;9696955703;B
20240226;100725;61;1700;9696955769;S
20240226;100726;61.01;100;9696956080;B
20240226;100730;61.015;1000;9696956853;B
20240226;100732;61.005;100;9696957426;S
20240226;100732;61.005;1200;9696957438;S
20240226;100732;61.005;1000;9696957439;S
20240226;100732;61;4700;9696957440;S
20240226;100736;61;100;9696958008;S
20240226;100744;61.015;100;9696959874;B
20240226;100746;61;100;9696960385;S
20240226;100746;61;1000;9696960491;S
20240226;100747;61.015;400;9696960988;B
20240226;100748;61.015;100;9696961175;B
20240226;100748;61.015;500;9696961274;B
20240226;100749;61.005;600;9696961540;S
20240226;100750;61;1000;9696961693;S
20240226;100750;61;3300;9696961778;S
20240226;100750;61;100;9696961779;S
20240226;100750;61;200;9696961780;S
20240226;100750;61;100;9696961781;S
20240226;100750;61;500;9696961782;S
20240226;100750;61;5800;9696961783;S
20240226;100751;61.015;100;9696962058;B
20240226;100751;61.015;800;9696962092;B
20240226;100751;61.015;200;9696962093;B
20240226;100751;61.02;100;9696962094;B
20240226;100751;61.02;900;9696962146;B
20240226;100751;61.025;1100;9696962340;B
20240226;100752;61.015;100;9696962521;S
20240226;100752;61.015;300;9696962522;S
20240226;100753;61.015;300;9696962997;B
20240226;100753;61.025;200;9696962998;B
20240226;100753;61.025;100;9696962999;B
20240226;100753;61.025;200;9696963000;B
20240226;100753;61.025;1000;9696963072;B
20240226;100753;61.025;100;9696963115;B
20240226;100754;61.025;1200;9696963282;S
20240226;100754;61.025;1000;9696963283;S
20240226;100754;61.015;3400;9696963284;S
20240226;100754;61.01;1000;9696963285;S
20240226;100754;61.01;3800;9696963286;S
20240226;100754;61.005;1000;9696963287;S
20240226;100754;61.005;8600;9696963288;S
20240226;100754;61.03;1500;9696963466;B
20240226;100754;61.03;100;9696963467;B
20240226;100755;61.035;100;9696963501;B
20240226;100755;61.015;300;9696963540;S
20240226;100755;61.015;100;9696963623;S
20240226;100756;61.035;300;9696963858;B
20240226;100757;61.035;100;9696964004;B
20240226;100757;61.015;100;9696964039;S
20240226;100757;61.035;400;9696964102;B
20240226;100758;61.035;200;9696964299;B
20240226;100758;61.035;400;9696964300;B
20240226;100759;61.03;200;9696964540;B
20240226;100802;61.02;1400;9696965361;B
20240226;100802;61.02;2400;9696965362;B
20240226;100808;61.04;600;9696966600;B
20240226;100809;61.04;100;9696966835;B
20240226;100812;61.02;300;9696967606;S
20240226;100820;61.015;1100;9696969161;S
20240226;100820;61.005;300;9696969162;S
20240226;100820;61.005;5000;9696969163;S
20240226;100820;61.005;3600;9696969164;S
20240226;100822;61.005;500;9696969729;S
20240226;100823;61.025;400;9696970005;B
20240226;100824;61.02;100;9696970292;B
20240226;100825;61.02;100;9696970516;B
20240226;100827;61.005;200;9696970773;S
20240226;100827;61.005;1000;9696970796;S
20240226;100830;61.02;300;9696971275;B
20240226;100831;61.005;1000;9696971499;S
20240226;100831;61.005;2500;9696971634;S
20240226;100833;61.005;200;9696972183;S
20240226;100835;61.005;7000;9696972545;S
20240226;100835;61;100;9696972546;S
20240226;100837;61;3000;9696972853;S
20240226;100838;61.005;100;9696973124;B
20240226;100839;61.005;1500;9696973290;B
20240226;100839;61;1700;9696973332;S
20240226;100839;61.005;1400;9696973403;B
20240226;100839;61.005;1000;9696973404;B
20240226;100839;61.005;4000;9696973405;B
20240226;100839;61.005;1600;9696973406;B
20240226;100841;61;10000;9696973748;S
20240226;100843;61.01;100;9696974155;B
20240226;100844;61.005;100;9696974301;S
20240226;100844;61;700;9696974302;S
20240226;100846;61;100;9696974680;S
20240226;100847;61;2000;9696974934;S
20240226;100847;61;100;9696974948;S
20240226;100849;61;19100;9696975505;S
20240226;100852;61.005;500;9696976055;B
20240226;100852;61.005;1000;9696976056;B
20240226;100852;61.005;500;9696976066;S
20240226;100852;61;7400;9696976067;S
20240226;100852;61;300;9696976068;S
20240226;100852;61;200;9696976069;S
20240226;100852;61;1600;9696976070;S
20240226;100853;61;1800;9696976264;S
20240226;100853;61;46600;9696976309;S
20240226;100853;61;2000;9696976310;S
20240226;100853;61;1700;9696976311;S
20240226;100853;61;500;9696976312;S
20240226;100853;61;100;9696976313;S
20240226;100853;61;2000;9696976314;S
20240226;100853;61;36000;9696976315;S
20240226;100853;61;5000;9696976316;S
20240226;100853;60.99;1200;9696976317;S
20240226;100853;60.98;2000;9696976318;S
20240226;100853;60.97;300;9696976319;S
20240226;100853;60.97;2000;9696976320;S
20240226;100853;60.96;600;9696976321;S
20240226;100853;60.955;800;9696976359;S
20240226;100853;60.955;700;9696976360;S
20240226;100853;60.955;100;9696976383;S
20240226;100854;60.985;2000;9696976485;B
20240226;100854;60.99;300;9696976486;B
20240226;100855;60.98;3300;9696976787;S
20240226;100855;60.965;1200;9696976788;S
20240226;100855;60.955;200;9696976789;S
20240226;100855;60.95;300;9696976790;S
20240226;100855;60.95;1000;9696976791;S
20240226;100855;60.95;100;9696976792;S
20240226;100855;60.95;2000;9696976793;S
20240226;100855;60.95;1000;9696976794;S
20240226;100855;60.945;3300;9696976795;S
20240226;100855;60.945;1000;9696976796;S
20240226;100855;60.94;2000;9696976797;S
20240226;100855;60.935;3300;9696976798;S
20240226;100855;60.935;200;9696976799;S
20240226;100855;60.93;1100;9696976800;S
20240226;100856;60.995;500;9696976870;B
20240226;100858;60.965;100;9696977181;B
20240226;100900;60.965;100;9696977463;B
20240226;100900;60.945;1000;9696977548;S
20240226;100900;60.94;800;9696977549;S
20240226;100901;60.965;100;9696977705;B
20240226;100901;60.965;100;9696977749;B
20240226;100903;60.94;200;9696978130;S
20240226;100903;60.94;100;9696978131;S
20240226;100903;60.935;500;9696978132;S
20240226;100904;60.935;1200;9696978420;S
20240226;100904;60.93;3200;9696978421;S
20240226;100905;60.945;100;9696978605;B
20240226;100909;60.93;100;9696979375;S
20240226;100909;60.92;900;9696979376;S
20240226;100914;60.925;400;9696981034;B
20240226;100915;60.92;100;9696981221;S
20240226;100915;60.92;1000;9696981222;S
20240226;100915;60.915;900;9696981223;S
20240226;100915;60.915;100;9696981304;S
20240226;100918;60.905;100;9696981775;S
20240226;100918;60.905;300;9696981776;S
20240226;100918;60.905;100;9696981777;S
20240226;100918;60.905;100;9696981812;S
20240226;100920;60.9;500;9696982171;S
20240226;100920;60.9;100;9696982190;S
20240226;100921;60.9;7000;9696982383;S
20240226;100921;60.9;1000;9696982422;S
20240226;100922;60.915;1000;9696982610;B
20240226;100927;60.915;300;9696983660;B
20240226;100927;60.915;600;9696983677;B
20240226;100930;60.9;3600;9696984285;S
20240226;100931;60.9;35000;9696984384;S
20240226;100931;60.905;10000;9696984520;S
20240226;100931;60.905;1100;9696984521;S
20240226;100931;60.915;1000;9696984725;B
20240226;100934;60.915;2000;9696985162;B
20240226;100934;60.915;4000;9696985163;B
20240226;100934;60.925;1100;9696985170;B
20240226;100934;60.925;600;9696985204;S
20240226;100934;60.935;200;9696985205;B
20240226;100934;60.935;3800;9696985206;B
20240226;100935;60.935;100;9696985381;B
20240226;100935;60.935;200;9696985424;B
20240226;100936;60.93;100;9696985764;S
20240226;100938;60.93;100;9696985961;S
20240226;100938;60.935;1000;9696986066;B
20240226;100941;60.935;300;9696986430;B
20240226;100941;60.93;100;9696986560;S
20240226;100941;60.925;100;9696986561;S
20240226;100942;60.925;100;9696986769;S
20240226;100943;60.925;100;9696986970;S
20240226;100945;60.935;600;9696987463;B
20240226;100947;60.925;600;9696987820;S
20240226;100948;60.935;300;9696988035;B
20240226;100952;60.925;1100;9696988734;S
20240226;100952;60.925;1400;9696988735;S
20240226;100952;60.92;3400;9696988736;S
20240226;100952;60.92;100;9696988737;S
20240226;100954;60.93;100;9696989089;B
20240226;100955;60.925;100;9696989351;S
20240226;100957;60.925;400;9696989728;S
20240226;100958;60.93;300;9696990107;B
20240226;100958;60.925;100;9696990128;S
20240226;101000;60.93;100;9696990430;B
20240226;101000;60.93;900;9696990490;B
20240226;101000;60.93;1500;9696990533;B
20240226;101000;60.93;200;9696990606;B
20240226;101000;60.93;1500;9696990654;B
20240226;101002;60.93;200;9696990917;B
20240226;101002;60.93;100;9696990977;B
20240226;101002;60.93;1300;9696991022;B
20240226;101003;60.925;1400;9696991255;S
20240226;101003;60.925;2600;9696991256;S
20240226;101003;60.93;100;9696991361;B
20240226;101003;60.925;1000;9696991427;S
20240226;101003;60.93;100;9696991465;B
20240226;101004;60.93;100;9696991632;B
20240226;101004;60.93;800;9696991739;B
20240226;101004;60.93;1000;9696991770;B
20240226;101006;60.93;3000;9696992278;B
20240226;101006;60.93;200;9696992304;B
20240226;101006;60.925;1000;9696992325;S
20240226;101006;60.93;100;9696992346;B
20240226;101006;60.93;100;9696992379;B
20240226;101006;60.93;100;9696992445;B
20240226;101007;60.925;1000;9696992590;S
20240226;101009;60.925;2400;9696993195;S
20240226;101009;60.925;4100;9696993196;S
20240226;101009;60.925;2000;9696993197;S
20240226;101009;60.925;1500;9696993198;S
20240226;101009;60.93;10000;9696993221;B
20240226;101010;60.93;2100;9696993420;B
20240226;101012;60.93;100;9696993928;B
20240226;101012;60.93;200;9696993967;B
20240226;101012;60.93;200;9696994007;B
20240226;101012;60.93;200;9696994048;B
20240226;101012;60.93;100;9696994081;B
20240226;101012;60.925;600;9696994112;S
20240226;101013;60.925;100;9696994205;S
20240226;101013;60.925;200;9696994373;S
20240226;101013;60.925;300;9696994374;S
20240226;101014;60.93;100;9696994514;B
20240226;101016;60.93;200;9696994977;B
20240226;101016;60.93;200;9696995009;B
20240226;101016;60.93;100;9696995046;B
20240226;101016;60.93;100;9696995081;B
20240226;101016;60.93;500;9696995136;B
20240226;101018;60.925;500;9696995582;S
20240226;101018;60.93;2600;9696995668;B
20240226;101018;60.925;800;9696995697;S
20240226;101019;60.925;700;9696995741;S
20240226;101019;60.93;100;9696995859;B
20240226;101021;60.93;100;9696996122;B
20240226;101021;60.93;300;9696996154;B
20240226;101021;60.93;200;9696996186;B
20240226;101021;60.93;300;9696996214;B
20240226;101023;60.93;200;9696996809;B
20240226;101023;60.93;100;9696996833;B
20240226;101023;60.93;100;9696996860;B
20240226;101023;60.93;6500;9696996999;B
20240226;101024;60.925;2000;9696997115;S
20240226;101024;60.925;100;9696997116;S
20240226;101024;60.925;400;9696997117;S
20240226;101025;60.925;1000;9696997310;S
20240226;101031;60.925;600;9696998636;S
20240226;101031;60.925;1300;9696998637;S
20240226;101031;60.925;900;9696998638;S
20240226;101032;60.93;13600;9696998793;B
20240226;101032;60.93;100;9696998794;B
20240226;101032;60.93;500;9696998795;B
20240226;101032;60.935;800;9696998796;B
20240226;101032;60.93;700;9696998870;S
20240226;101033;60.935;100;9696998938;B
20240226;101035;60.935;100;9696999333;B
20240226;101036;60.93;1000;9696999421;S
20240226;101036;60.93;1700;9696999429;S
20240226;101036;60.93;2900;9696999430;S
20240226;101036;60.925;400;9696999431;S
20240226;101037;60.935;200;9696999610;B
20240226;101037;60.935;100;9696999611;B
20240226;101037;60.935;700;9696999612;B
20240226;101038;60.935;1000;9696999898;B
20240226;101040;60.935;300;9697000367;B
20240226;101044;60.935;400;9697001070;B
20240226;101045;60.935;100;9697001170;B
20240226;101045;60.935;300;9697001220;B
20240226;101045;60.935;300;9697001310;B
20240226;101045;60.935;100;9697001358;B
20240226;101045;60.93;3400;9697001420;S
20240226;101045;60.93;400;9697001421;S
20240226;101046;60.93;300;9697001575;B
20240226;101047;60.93;100;9697001720;B
20240226;101048;60.93;100;9697002046;B
20240226;101049;60.93;200;9697002209;B
20240226;101053;60.925;200;9697002808;S
20240226;101057;60.93;6800;9697003491;B
20240226;101057;60.925;700;9697003582;S
20240226;101057;60.93;3800;9697003726;B
20240226;101058;60.925;200;9697003850;S
20240226;101058;60.925;1300;9697003851;S
20240226;101058;60.925;1800;9697003898;S
20240226;101058;60.93;100;9697003914;B
20240226;101100;60.93;100;9697004154;B
20240226;101100;60.93;100;9697004237;B
20240226;101102;60.93;9600;9697004654;B
20240226;101102;60.93;1600;9697004655;B
20240226;101102;60.93;800;9697004656;B
20240226;101102;60.935;11800;9697004684;B
20240226;101102;60.935;2300;9697004685;B
20240226;101102;60.935;200;9697004719;B
20240226;101102;60.935;100;9697004720;B
20240226;101102;60.935;400;9697004721;B
20240226;101102;60.945;200;9697004722;B
20240226;101103;60.945;200;9697004818;B
20240226;101103;60.945;200;9697004874;B
20240226;101103;60.94;3400;9697004891;S
20240226;101103;60.935;2000;9697004892;S
20240226;101103;60.935;2800;9697004893;S
20240226;101103;60.93;6300;9697004894;S
20240226;101104;60.95;2000;9697005055;B
20240226;101105;60.95;100;9697005499;B
20240226;101107;60.945;400;9697005850;S
20240226;101107;60.95;3200;9697005884;B
20240226;101108;60.95;500;9697006026;B
20240226;101108;60.945;600;9697006088;S
20240226;101109;60.95;1700;9697006178;B
20240226;101109;60.95;300;9697006179;B
20240226;101109;60.95;700;9697006199;B
20240226;101109;60.96;200;9697006200;B
20240226;101109;60.965;100;9697006201;B
20240226;101110;60.945;300;9697006489;S
20240226;101113;60.95;100;9697006891;B
20240226;101115;60.945;500;9697007121;S
20240226;101115;60.95;1900;9697007296;B
20240226;101117;60.955;100;9697007543;S
20240226;101117;60.955;300;9697007597;S
20240226;101118;60.965;700;9697008149;B
20240226;101121;60.97;1500;9697008981;B
20240226;101121;60.96;100;9697009061;S
20240226;101123;60.97;100;9697009497;B
20240226;101123;60.97;100;9697009668;B
20240226;101126;60.97;200;9697010064;B
20240226;101126;60.97;5600;9697010204;B
20240226;101126;60.97;400;9697010224;S
20240226;101126;60.96;600;9697010225;S
20240226;101127;60.96;300;9697010260;S
20240226;101127;60.955;300;9697010261;S
20240226;101127;60.955;1000;9697010262;S
20240226;101127;60.95;3400;9697010263;S
20240226;101127;60.945;200;9697010264;S
20240226;101127;60.945;3000;9697010265;S
20240226;101127;60.935;2000;9697010266;S
20240226;101127;60.93;1700;9697010267;S
20240226;101127;60.93;200;9697010268;S
20240226;101127;60.925;200;9697010269;S
20240226;101127;60.925;200;9697010270;S
20240226;101127;60.925;3700;9697010271;S
20240226;101127;60.92;400;9697010272;S
20240226;101127;60.92;2000;9697010273;S
20240226;101127;60.915;2000;9697010274;S
20240226;101127;60.915;10000;9697010275;S
20240226;101127;60.91;2000;9697010276;S
20240226;101127;60.905;2000;9697010277;S
20240226;101127;60.905;100;9697010278;S
20240226;101127;60.905;100;9697010279;S
20240226;101127;60.905;100;9697010280;S
20240226;101127;60.905;12000;9697010281;S
20240226;101127;60.9;8100;9697010282;S
20240226;101127;60.925;300;9697010314;S
20240226;101127;60.925;200;9697010401;S
20240226;101128;60.96;600;9697010441;B
20240226;101129;60.96;100;9697010715;B
20240226;101130;60.96;2700;9697010958;B
20240226;101130;60.96;200;9697010961;B
20240226;101133;60.96;100;9697011607;B
20240226;101133;60.96;1000;9697011675;B
20240226;101134;60.96;100;9697011719;B
20240226;101135;60.96;100;9697011915;B
20240226;101136;60.96;100;9697012275;B
20240226;101136;60.96;800;9697012276;B
20240226;101143;60.98;1400;9697013610;B
20240226;101143;60.98;600;9697013611;B
20240226;101143;60.98;100;9697013630;B
20240226;101145;60.98;2000;9697014044;B
20240226;101145;60.98;1400;9697014045;B
20240226;101145;60.985;3900;9697014046;B
20240226;101145;60.985;3100;9697014121;B
20240226;101146;60.97;100;9697014232;S
20240226;101146;60.96;100;9697014233;S
20240226;101146;60.96;100;9697014234;S
20240226;101146;60.955;500;9697014235;S
20240226;101146;60.985;400;9697014325;B
20240226;101149;60.955;200;9697014837;S
20240226;101149;60.985;100;9697014876;B
20240226;101149;60.985;200;9697014877;B
20240226;101150;60.985;200;9697015040;B
20240226;101150;60.985;100;9697015041;B
20240226;101150;60.985;300;9697015126;B
20240226;101150;60.985;300;9697015127;B
20240226;101150;60.99;1300;9697015235;B
20240226;101150;60.995;100;9697015236;B
20240226;101150;60.955;1800;9697015307;S
20240226;101151;60.995;200;9697015365;B
20240226;101151;60.995;900;9697015450;B
20240226;101151;60.995;300;9697015502;B
20240226;101151;60.995;2000;9697015569;B
20240226;101151;60.995;200;9697015616;B
20240226;101151;61;100;9697015690;B
20240226;101152;61;200;9697015780;B
20240226;101152;61;100;9697015860;B
20240226;101152;61;300;9697015959;B
20240226;101152;61;200;9697015960;B
20240226;101152;61;300;9697015961;B
20240226;101152;61;100;9697015962;B
20240226;101152;61;1000;9697015963;B
20240226;101155;60.965;200;9697016625;S
20240226;101155;60.985;1000;9697016640;B
20240226;101155;60.99;1300;9697016641;B
20240226;101155;60.99;1000;9697016642;B
20240226;101155;61;400;9697016643;B
20240226;101159;60.97;1500;9697017791;S
20240226;101159;60.97;1600;9697017837;S
20240226;101203;61;100;9697018632;B
20240226;101203;61;900;9697018633;B
20240226;101207;61;100;9697019639;B
20240226;101208;61;6400;9697019732;B
20240226;101209;61.005;400;9697019897;B
20240226;101211;61;100;9697020212;S
20240226;101212;61.005;1100;9697020457;B
20240226;101213;61;3500;9697020589;S
20240226;101213;61;1000;9697020590;S
20240226;101213;61;300;9697020591;S
20240226;101213;61;1000;9697020595;S
20240226;101213;60.99;800;9697020666;S
20240226;101216;61;1300;9697021114;B
20240226;101216;61.005;2700;9697021115;B
20240226;101216;61.005;1700;9697021213;B
20240226;101216;61.005;1600;9697021358;B
20240226;101216;61.01;200;9697021359;B
20240226;101216;61.015;100;9697021360;B
20240226;101216;61.02;1500;9697021361;B
20240226;101217;61.02;4800;9697021524;B
20240226;101217;61.02;700;9697021656;B
20240226;101217;61.02;500;9697021745;B
20240226;101217;61.02;100;9697021746;B
20240226;101217;61.02;300;9697021747;B
20240226;101218;61.02;4100;9697021857;B
20240226;101218;61.02;1500;9697022000;B
20240226;101223;61;100;9697022978;S
20240226;101223;61;1000;9697022979;S
20240226;101223;60.99;200;9697022980;S
20240226;101223;60.985;1000;9697022981;S
20240226;101223;60.98;3400;9697022982;S
20240226;101223;60.975;1000;9697022983;S
20240226;101223;60.975;2500;9697022984;S
20240226;101223;60.97;2000;9697022985;S
20240226;101223;60.97;1300;9697022986;S
20240226;101223;60.97;1000;9697022987;S
20240226;101223;60.97;3000;9697022988;S
20240226;101223;60.965;300;9697022989;S
20240226;101223;60.965;1000;9697022990;S
20240226;101223;60.965;1300;9697022991;S
20240226;101223;60.96;400;9697022992;S
20240226;101223;60.96;1000;9697022993;S
20240226;101223;60.96;2000;9697022994;S
20240226;101223;60.96;1300;9697022995;S
20240226;101223;60.955;200;9697022996;S
20240226;101223;61;100;9697023004;S
20240226;101226;61;500;9697023756;S
20240226;101228;61.005;300;9697024087;B
20240226;101235;61.015;1300;9697025674;B
20240226;101235;61.015;500;9697025675;B
20240226;101235;61.02;200;9697025676;B
20240226;101236;61.015;1300;9697026015;B
20240226;101236;61.015;4800;9697026016;B
20240226;101236;61.02;3900;9697026017;B
20240226;101237;61.015;4800;9697026031;B
20240226;101237;61.02;10200;9697026032;B
20240226;101237;61.01;100;9697026088;S
20240226;101238;61.01;100;9697026314;S
20240226;101243;61.01;200;9697027024;S
20240226;101244;61.02;300;9697027208;B
20240226;101245;61.02;100;9697027455;B
20240226;101246;61.015;2000;9697027718;S
20240226;101249;61.02;100;9697028200;B
20240226;101249;61.015;100;9697028234;S
20240226;101249;61.02;9300;9697028257;B
20240226;101249;61.02;1200;9697028258;B
20240226;101249;61.02;1000;9697028259;B
20240226;101249;61.03;200;9697028260;B
20240226;101249;61.03;500;9697028261;B
20240226;101249;61.03;1300;9697028262;B
20240226;101249;61.035;1500;9697028263;B
20240226;101254;61.03;300;9697029057;B
20240226;101254;61.03;4500;9697029194;B
20240226;101254;61.03;12000;9697029195;B
20240226;101257;61.025;100;9697029667;S
20240226;101257;61.025;100;9697029668;S
20240226;101257;61.025;100;9697029669;S
20240226;101257;61.025;100;9697029727;B
20240226;101259;61.025;100;9697030047;B
20240226;101259;61.025;1900;9697030055;B
20240226;101259;61.03;100;9697030056;B
20240226;101304;61.02;1000;9697030928;S
20240226;101304;61.015;1500;9697030929;S
20240226;101307;61.02;100;9697031623;B
20240226;101307;61.015;200;9697031624;S
20240226;101309;61.02;100;9697032119;B
20240226;101310;61.02;300;9697032178;B
20240226;101312;61.02;200;9697032560;B
20240226;101312;61.03;7900;9697032561;B
20240226;101312;61.03;1200;9697032562;B
20240226;101312;61.03;700;9697032563;B
20240226;101312;61.03;600;9697032585;B
20240226;101312;61.035;200;9697032586;B
20240226;101314;61.035;100;9697032891;B
20240226;101314;61.035;200;9697032892;B
20240226;101314;61.03;100;9697032902;S
20240226;101315;61.03;4800;9697033123;S
20240226;101321;61.035;200;9697034028;B
20240226;101323;61.035;300;9697034305;B
20240226;101325;61.03;100;9697034586;S
20240226;101331;61.015;300;9697035893;S
20240226;101333;61.03;200;9697036273;B
20240226;101333;61.035;500;9697036274;B
20240226;101333;61.035;4300;9697036275;B
20240226;101335;61.035;700;9697036959;B
20240226;101335;61.035;2000;9697036960;B
20240226;101335;61.035;200;9697036961;B
20240226;101336;61.015;300;9697037081;S
20240226;101342;61.015;1800;9697038189;B
20240226;101343;61.01;100;9697038279;S
20240226;101343;61.015;100;9697038332;B
20240226;101345;61.015;100;9697038747;B
20240226;101345;61.02;100;9697038748;B
20240226;101348;61.015;100;9697039306;B
20240226;101349;61.01;100;9697039398;S
20240226;101350;61.01;200;9697039586;S
20240226;101354;61.015;200;9697040281;B
20240226;101354;61.015;1700;9697040352;B
20240226;101354;61.02;1200;9697040353;B
20240226;101354;61.025;2000;9697040354;B
20240226;101354;61.025;100;9697040355;B
20240226;101354;61.025;300;9697040356;B
20240226;101354;61.03;3400;9697040357;B
20240226;101354;61.03;200;9697040358;B
20240226;101354;61.035;1100;9697040359;B
20240226;101354;61.035;2000;9697040360;B
20240226;101354;61.035;1600;9697040361;B
20240226;101354;61.04;200;9697040362;B
20240226;101354;61.04;7500;9697040363;B
20240226;101354;61.04;1300;9697040364;B
20240226;101354;61.045;2000;9697040365;B
20240226;101354;61.045;1300;9697040366;B
20240226;101354;61.05;200;9697040367;B
20240226;101354;61.05;500;9697040368;B
20240226;101354;61.05;200;9697040369;B
20240226;101354;61.05;500;9697040370;B
20240226;101354;61.05;300;9697040371;B
20240226;101354;61.05;4800;9697040374;S
20240226;101354;61.05;4800;9697040377;S
20240226;101355;61.05;4800;9697040396;S
20240226;101355;61.05;30000;9697040528;S
20240226;101356;61.055;5000;9697040564;B
20240226;101356;61.055;5000;9697040646;B
20240226;101357;61.05;900;9697040742;S
20240226;101359;61.05;100;9697041220;S
20240226;101404;61.05;1100;9697042276;S
20240226;101408;61.055;500;9697042913;B
20240226;101408;61.05;500;9697042924;S
20240226;101408;61.05;2000;9697042951;S
20240226;101409;61.055;300;9697043181;B
20240226;101409;61.055;700;9697043182;B
20240226;101411;61.05;200;9697043494;S
20240226;101411;61.055;1000;9697043598;B
20240226;101411;61.055;7500;9697043599;B
20240226;101411;61.065;3400;9697043600;B
20240226;101411;61.065;1000;9697043601;B
20240226;101411;61.07;4500;9697043602;B
20240226;101411;61.075;7500;9697043603;B
20240226;101411;61.075;11300;9697043604;B
20240226;101411;61.075;400;9697043605;B
20240226;101411;61.075;500;9697043606;B
20240226;101411;61.085;300;9697043607;B
20240226;101411;61.09;300;9697043608;B
20240226;101411;61.09;7500;9697043609;B
20240226;101411;61.095;100;9697043610;B
20240226;101411;61.1;100;9697043611;B
20240226;101411;61.1;4000;9697043612;B
20240226;101411;61.1;200;9697043613;B
20240226;101411;61.1;400;9697043614;B
20240226;101412;61.07;200;9697043765;S
20240226;101412;61.07;500;9697043766;B
20240226;101413;61.065;200;9697043942;B
20240226;101413;61.065;100;9697043943;B
20240226;101413;61.065;100;9697043944;B
20240226;101413;61.065;100;9697043958;B
20240226;101413;61.065;300;9697043977;B
20240226;101414;61.065;200;9697043995;B
20240226;101414;61.065;2000;9697044105;B
20240226;101414;61.07;100;9697044127;B
20240226;101414;61.07;500;9697044130;B
20240226;101417;61.07;200;9697044523;B
20240226;101418;61.07;100;9697044685;B
20240226;101418;61.07;100;9697044724;B
20240226;101419;61.07;100;9697044859;B
20240226;101420;61.07;2500;9697045041;B
20240226;101422;61.065;100;9697045549;S
20240226;101423;61.065;100;9697045623;S
20240226;101423;61.065;900;9697045624;S
20240226;101424;61.07;100;9697045758;B
20240226;101424;61.065;100;9697045816;S
20240226;101424;61.065;900;9697045817;S
20240226;101425;61.065;1000;9697045978;S
20240226;101425;61.065;300;9697045979;S
20240226;101425;61.065;600;9697045980;S
20240226;101425;61.065;100;9697045981;S
20240226;101426;61.07;1000;9697046238;B
20240226;101427;61.07;14600;9697046306;B
20240226;101427;61.075;300;9697046307;B
20240226;101427;61.085;100;9697046308;B
20240226;101429;61.095;400;9697046862;S
20240226;101429;61.08;100;9697046863;S
20240226;101432;61.095;200;9697047401;B
20240226;101432;61.1;500;9697047402;B
20240226;101432;61.1;100;9697047403;B
20240226;101432;61.1;700;9697047404;B
20240226;101433;61.09;700;9697047560;S
20240226;101435;61.095;1000;9697047885;B
20240226;101436;61.09;200;9697048063;S
20240226;101436;61.09;600;9697048064;S
20240226;101436;61.075;1000;9697048065;S
20240226;101436;61.07;3400;9697048066;S
20240226;101436;61.07;200;9697048067;S
20240226;101436;61.07;2000;9697048068;S
20240226;101436;61.065;100;9697048069;S
20240226;101436;61.065;200;9697048070;S
20240226;101436;61.06;500;9697048071;S
20240226;101438;61.06;500;9697048313;S
20240226;101438;61.06;100;9697048314;S
20240226;101438;61.06;8800;9697048315;S
20240226;101438;61.06;1000;9697048316;S
20240226;101438;61.055;200;9697048317;S
20240226;101438;61.055;16000;9697048318;S
20240226;101438;61.055;500;9697048319;S
20240226;101438;61.055;100;9697048320;S
20240226;101438;61.055;20000;9697048321;S
20240226;101438;61.055;3400;9697048322;S
20240226;101438;61.05;69400;9697048323;S
20240226;101438;61.065;200;9697048451;S
20240226;101440;61.05;2600;9697048674;S
20240226;101442;61.055;3400;9697049103;B
20240226;101442;61.06;200;9697049104;B
20240226;101442;61.06;200;9697049105;B
20240226;101442;61.06;1200;9697049106;B
20240226;101443;61.055;100;9697049222;B
20240226;101448;61.07;100;9697050102;B
20240226;101448;61.07;3400;9697050103;B
20240226;101448;61.07;2500;9697050104;B
20240226;101448;61.07;1000;9697050105;B
20240226;101448;61.075;2000;9697050106;B
20240226;101448;61.075;1900;9697050107;B
20240226;101448;61.075;1000;9697050108;B
20240226;101448;61.08;4000;9697050109;B
20240226;101448;61.085;400;9697050110;B
20240226;101448;61.07;1000;9697050176;S
20240226;101449;61.07;100;9697050238;S
20240226;101449;61.07;100;9697050252;S
20240226;101449;61.05;600;9697050253;S
20240226;101449;61.05;199700;9697050298;S
20240226;101449;61.05;400;9697050299;S
20240226;101449;61.05;200;9697050300;S
20240226;101449;61.05;100;9697050301;S
20240226;101450;61.05;100;9697050415;S
20240226;101450;61.05;6000;9697050441;S
20240226;101450;61.05;200;9697050458;S
20240226;101450;61.05;8000;9697050482;S
20240226;101450;61.05;7300;9697050483;S
20240226;101450;61.05;1600;9697050484;S
20240226;101450;61.05;21800;9697050485;S
20240226;101450;61.05;4300;9697050486;S
20240226;101450;61.03;500;9697050487;S
20240226;101450;61.01;4500;9697050488;S
20240226;101450;61.01;100;9697050489;S
20240226;101450;61.01;400;9697050490;S
20240226;101450;61.01;100;9697050498;S
20240226;101450;61.01;200;9697050499;S
20240226;101450;61.01;1000;9697050544;S
20240226;101450;61.01;200;9697050548;S
20240226;101453;61.01;200;9697051086;S
20240226;101455;61.01;500;9697051496;S
20240226;101456;61.01;500;9697051611;S
20240226;101458;61.01;100;9697051782;S
20240226;101459;61.02;300;9697052042;B
20240226;101500;61.01;400;9697052090;S
20240226;101500;61.01;500;9697052243;S
20240226;101503;61.015;100;9697052921;B
20240226;101505;61.015;3300;9697053363;B
20240226;101505;61.015;1300;9697053364;B
20240226;101505;61.015;400;9697053365;B
20240226;101506;61.01;100;9697053545;S
20240226;101506;61.01;2800;9697053557;S
20240226;101506;61.01;100;9697053574;S
20240226;101506;61.015;100;9697053576;B
20240226;101506;61.01;2000;9697053606;S
20240226;101506;61.01;900;9697053607;S
20240226;101507;61.005;200;9697053704;B
20240226;101508;61.005;100;9697053960;B
20240226;101508;61;300;9697053981;S
20240226;101508;61.005;3100;9697054038;B
20240226;101508;61.005;1900;9697054039;B
20240226;101508;61;1000;9697054044;S
20240226;101511;61;100;9697054453;S
20240226;101511;61.005;100;9697054455;B
20240226;101511;61.005;3300;9697054494;B
20240226;101511;61.005;1700;9697054495;B
20240226;101511;61.005;3400;9697054556;B
20240226;101511;61.01;1100;9697054557;B
20240226;101511;61.01;500;9697054558;B
20240226;101513;61.01;100;9697055081;B
20240226;101513;61.01;200;9697055167;B
20240226;101514;61.005;1300;9697055283;B
20240226;101514;61.005;1000;9697055327;S
20240226;101514;61.01;1200;9697055449;B
20240226;101514;61.01;100;9697055450;B
20240226;101514;61.01;1300;9697055451;B
20240226;101514;61.01;1000;9697055452;B
20240226;101514;61.015;1300;9697055453;B
20240226;101514;61.015;100;9697055454;B
20240226;101514;61.005;100;9697055519;S
20240226;101515;61.005;200;9697055762;S
20240226;101516;61.005;100;9697055897;S
20240226;101516;61.005;200;9697055921;S
20240226;101517;61.005;100;9697056276;S
20240226;101518;61.01;2000;9697056390;B
20240226;101518;61.01;3400;9697056610;S
20240226;101518;61.005;1600;9697056611;S
20240226;101525;61.005;200;9697058695;S
20240226;101526;61.01;500;9697058744;B
20240226;101526;61.01;1800;9697058745;B
20240226;101526;61.01;1000;9697058746;B
20240226;101526;61.015;1700;9697058747;B
20240226;101530;61.02;100;9697059647;B
20240226;101532;61.015;100;9697060298;S
20240226;101532;61.015;1800;9697060299;S
20240226;101532;61.01;1900;9697060300;S
20240226;101533;61.01;3000;9697060653;S
20240226;101533;61.01;1000;9697060654;S
20240226;101534;61.015;3400;9697060678;B
20240226;101534;61.015;1800;9697060679;B
20240226;101534;61.015;1000;9697060680;B
20240226;101534;61.02;1600;9697060681;B
20240226;101534;61.02;200;9697060682;B
20240226;101534;61.02;1000;9697060683;B
20240226;101534;61.025;1000;9697060684;B
20240226;101535;61.01;4600;9697061121;S
20240226;101536;61.015;200;9697061400;B
20240226;101537;61.015;200;9697061618;B
20240226;101545;61.015;200;9697063696;B
20240226;101548;61.01;2500;9697064435;S
20240226;101549;61.015;200;9697064531;B
20240226;101551;61.01;900;9697065042;S
20240226;101551;61.01;200;9697065043;S
20240226;101551;61.005;200;9697065044;S
20240226;101551;61.005;500;9697065107;S
20240226;101552;61.005;100;9697065241;S
20240226;101552;61.005;400;9697065367;S
20240226;101553;61.01;100;9697065575;B
20240226;101554;61.005;100;9697065819;S
20240226;101556;61.005;100;9697066584;S
20240226;101557;61.005;100;9697066675;S
20240226;101559;61.005;3000;9697067274;S
20240226;101559;61.005;1800;9697067393;S
20240226;101600;61.005;200;9697067603;S
20240226;101601;61.005;100;9697067928;S
20240226;101607;61.01;1000;9697069545;B
20240226;101609;61.01;900;9697070062;B
20240226;101609;61.01;1800;9697070063;B
20240226;101609;61.01;700;9697070064;B
20240226;101609;61.005;100;9697070267;S
20240226;101612;61.01;100;9697072009;B
20240226;101612;61.005;100;9697072151;S
20240226;101612;61.01;500;9697072172;B
20240226;101612;61.01;300;9697072173;B
20240226;101613;61.005;1000;9697072539;S
20240226;101614;61.005;500;9697072783;S
20240226;101614;61.01;200;9697072811;B
20240226;101614;61.005;200;9697072901;S
20240226;101615;61.01;900;9697073015;B
20240226;101615;61.01;800;9697073098;B
20240226;101616;61.005;100;9697073272;S
20240226;101616;61.005;200;9697073315;S
20240226;101617;61.01;300;9697073631;B
20240226;101617;61.01;200;9697073649;B
20240226;101617;61.005;100;9697073722;S
20240226;101620;61.01;100;9697074662;B
20240226;101621;61.005;200;9697074849;S
20240226;101622;61.005;7600;9697075303;S
20240226;101623;61.005;100;9697075514;S
20240226;101624;61.01;800;9697075760;B
20240226;101625;61.01;1100;9697076206;B
20240226;101626;61.005;100;9697076243;S
20240226;101626;61.01;100;9697076390;B
20240226;101628;61.005;200;9697076872;S
20240226;101633;61.01;100;9697078265;B
20240226;101634;61.01;100;9697078459;B
20240226;101634;61.01;800;9697078460;B
20240226;101634;61.01;800;9697078504;B
20240226;101635;61.005;2000;9697078773;S
20240226;101636;61.01;300;9697079101;B
20240226;101636;61.005;2000;9697079173;S
20240226;101636;61.01;100;9697079187;B
20240226;101636;61.01;100;9697079188;B
20240226;101637;61.01;800;9697079215;B
20240226;101637;61.01;100;9697079357;B
20240226;101639;61.005;1000;9697079856;S
20240226;101640;61.005;100;9697080024;S
20240226;101644;61.005;100;9697080995;S
20240226;101644;61.005;900;9697081214;S
20240226;101645;61.005;100;9697081515;S
20240226;101649;61.005;1000;9697082361;S
20240226;101649;61.01;300;9697082487;B
20240226;101649;61.01;200;9697082488;B
20240226;101650;61.005;1000;9697082580;S
20240226;101651;61.01;100;9697082827;B
20240226;101653;61.005;29900;9697083306;S
20240226;101653;61.005;100;9697083307;S
20240226;101654;61.005;2500;9697083474;S
20240226;101654;61.005;100;9697083475;S
20240226;101654;61.005;4400;9697083476;S
20240226;101654;61.005;400;9697083477;S
20240226;101654;61.005;300;9697083478;S
20240226;101654;61.005;300;9697083479;S
20240226;101654;61.005;100;9697083840;S
20240226;101658;61.005;800;9697084686;S
20240226;101659;61.01;100;9697084946;B
20240226;101700;61.01;100;9697085288;B
20240226;101700;61.01;300;9697085289;B
20240226;101706;61.005;900;9697086561;S
20240226;101709;61.005;5100;9697087328;S
20240226;101709;61;600;9697087329;S
20240226;101709;61;200;9697087330;S
20240226;101709;61;800;9697087331;S
20240226;101709;61;700;9697087332;S
20240226;101709;61;100;9697087333;S
20240226;101709;61;300;9697087334;S
20240226;101709;61;100;9697087335;S
20240226;101712;60.98;100;9697087807;S
20240226;101712;60.98;500;9697087808;S
20240226;101712;60.975;100;9697087810;S
20240226;101713;60.96;200;9697088148;S
20240226;101714;60.96;500;9697088302;S
20240226;101715;60.96;300;9697088532;S
20240226;101715;60.96;1800;9697088533;S
20240226;101718;60.945;100;9697089423;S
20240226;101719;60.945;100;9697089536;S
20240226;101722;60.94;200;9697090477;S
20240226;101730;60.94;100;9697092503;S
20240226;101735;60.94;100;9697093758;S
20240226;101735;60.945;300;9697093931;B
20240226;101736;60.945;400;9697094007;B
20240226;101736;60.94;300;9697094059;S
20240226;101737;60.94;1200;9697094430;B
20240226;101739;60.94;100;9697095097;B
20240226;101739;60.94;400;9697095098;B
20240226;101740;60.94;1600;9697095153;B
20240226;101740;60.94;100;9697095154;B
20240226;101741;60.94;1000;9697095807;B
20240226;101742;60.94;100;9697095926;B
20240226;101744;60.94;200;9697096255;B
20240226;101747;60.935;100;9697096988;S
20240226;101750;60.925;100;9697097662;S
20240226;101753;60.92;100;9697098301;S
20240226;101757;60.925;400;9697099414;S
20240226;101759;60.925;100;9697099762;S
20240226;101803;60.925;200;9697100852;S
20240226;101803;60.925;100;9697100878;S
20240226;101803;60.925;100;9697100941;S
20240226;101803;60.93;100;9697100988;B
20240226;101806;60.925;100;9697101719;S
20240226;101806;60.925;1300;9697101720;S
20240226;101806;60.925;1700;9697101721;S
20240226;101806;60.925;1000;9697101722;S
20240226;101807;60.925;100;9697101778;B
20240226;101808;60.925;100;9697102030;B
20240226;101808;60.925;5700;9697102103;B
20240226;101808;60.93;1900;9697102104;B
20240226;101808;60.93;300;9697102105;B
20240226;101808;60.935;1000;9697102106;B
20240226;101808;60.935;300;9697102107;B
20240226;101808;60.935;1300;9697102118;B
20240226;101809;60.935;1000;9697102354;S
20240226;101810;60.935;100;9697102894;S
20240226;101811;60.935;200;9697103216;S
20240226;101812;60.935;100;9697103342;S
20240226;101815;60.94;100;9697104317;B
20240226;101818;60.935;100;9697104975;S
20240226;101818;60.935;100;9697105032;S
20240226;101819;60.94;600;9697105249;B
20240226;101819;60.94;2000;9697105250;B
20240226;101819;60.94;2400;9697105251;B
20240226;101819;60.94;100;9697105252;B
20240226;101819;60.94;100;9697105253;B
20240226;101819;60.97;600;9697105310;B
20240226;101820;60.985;300;9697105558;S
20240226;101821;60.99;600;9697105903;B
20240226;101823;60.985;100;9697106327;S
20240226;101824;60.985;400;9697106491;S
20240226;101824;60.985;100;9697106492;S
20240226;101825;60.985;200;9697106696;S
20240226;101826;60.985;100;9697107068;S
20240226;101827;60.985;2900;9697107309;S
20240226;101827;60.965;100;9697107310;S
20240226;101827;60.96;1000;9697107311;S
20240226;101827;60.955;300;9697107312;S
20240226;101827;60.99;1400;9697107450;B
20240226;101827;60.99;1300;9697107451;B
20240226;101827;60.99;100;9697107452;B
20240226;101827;60.995;1300;9697107453;B
20240226;101827;60.995;100;9697107454;B
20240226;101827;60.995;4800;9697107455;B
20240226;101829;60.985;100;9697107900;S
20240226;101830;60.955;300;9697108099;S
20240226;101835;60.98;100;9697108999;B
