<DATE>;<TIME>;<LAST>;<VOL>;<ID>;<OPER>
20240118;095941;56.405000000;1000;9428035322;S
20240118;095941;56.405000000;200;9428035323;S
20240118;095941;56.405000000;900;9428035324;B
20240118;095941;56.405000000;100;9428035325;B
20240118;095941;56.405000000;600;9428035326;S
20240118;095941;56.405000000;100;9428035327;B
20240118;095941;56.405000000;100;9428035328;B
20240118;095941;56.405000000;300;9428035329;B
20240118;095941;56.405000000;1000;9428035330;S
20240118;095941;56.405000000;100;9428035331;B
20240118;095941;56.405000000;200;9428035332;S
20240118;095941;56.405000000;100;9428035333;S
20240118;095941;56.405000000;500;9428035334;S
20240118;095941;56.405000000;2100;9428035335;S
20240118;095941;56.405000000;1000;9428035336;S
20240118;095941;56.405000000;100;9428035337;B
20240118;095941;56.405000000;100;9428035338;S
20240118;095941;56.405000000;200;9428035339;S
20240118;095941;56.405000000;100;9428035340;B
20240118;100000;56.410000000;200;9428039136;B
20240118;100000;56.420000000;200;9428039233;B
20240118;100000;56.425000000;2000;9428039336;B
20240118;100000;56.430000000;200;9428039546;B
20240118;100000;56.440000000;800;9428039547;B
20240118;100000;56.440000000;600;9428039551;B
20240118;100000;56.440000000;900;9428039574;B
20240118;100000;56.440000000;100;9428039575;B
20240118;100000;56.440000000;200;9428039580;B
20240118;100000;56.440000000;2300;9428039586;B
20240118;100000;56.440000000;200;9428039587;B
20240118;100000;56.440000000;100;9428039588;B
20240118;100000;56.445000000;100;9428039604;B
20240118;100000;56.450000000;1200;9428039614;B
20240118;100000;56.450000000;1100;9428039615;B
20240118;100000;56.465000000;100;9428039659;B
20240118;100000;56.465000000;300;9428039871;B
20240118;100001;56.465000000;200;9428039890;B
20240118;100001;56.460000000;2000;9428039912;S
20240118;100001;56.460000000;100;9428039913;S
20240118;100001;56.460000000;1200;9428039914;S
20240118;100001;56.460000000;100;9428040077;S
20240118;100001;56.460000000;700;9428040082;S
20240118;100001;56.460000000;2000;9428040083;S
20240118;100001;56.460000000;600;9428040084;S
20240118;100001;56.465000000;400;9428040094;B
20240118;100001;56.460000000;2000;9428040157;S
20240118;100001;56.460000000;200;9428040158;B
20240118;100001;56.460000000;700;9428040241;B
20240118;100001;56.455000000;100;9428040294;S
20240118;100001;56.455000000;400;9428040295;S
20240118;100001;56.450000000;2000;9428040296;S
20240118;100001;56.440000000;800;9428040297;S
20240118;100001;56.455000000;100;9428040306;B
20240118;100001;56.455000000;200;9428040307;B
20240118;100001;56.455000000;900;9428040477;B
20240118;100001;56.455000000;400;9428040498;B
20240118;100001;56.455000000;200;9428040544;B
20240118;100001;56.460000000;200;9428040553;B
20240118;100001;56.455000000;2000;9428040556;S
20240118;100001;56.455000000;800;9428040557;S
20240118;100001;56.450000000;500;9428040558;S
20240118;100001;56.455000000;2000;9428040781;S
20240118;100001;56.450000000;100;9428040782;S
20240118;100001;56.445000000;2000;9428040783;S
20240118;100001;56.435000000;2000;9428040784;S
20240118;100001;56.430000000;1900;9428040785;S
20240118;100001;56.460000000;100;9428040800;B
20240118;100001;56.460000000;1000;9428040809;B
20240118;100002;56.460000000;200;9428040822;S
20240118;100002;56.460000000;200;9428040824;B
20240118;100002;56.465000000;400;9428040825;B
20240118;100002;56.465000000;300;9428040826;B
20240118;100002;56.445000000;300;9428040913;B
20240118;100002;56.450000000;200;9428040918;B
20240118;100002;56.450000000;500;9428040926;B
20240118;100002;56.450000000;100;9428040942;B
20240118;100002;56.450000000;200;9428041007;B
20240118;100002;56.450000000;100;9428041031;B
20240118;100002;56.450000000;1700;9428041032;B
20240118;100002;56.450000000;300;9428041036;B
20240118;100002;56.455000000;400;9428041090;B
20240118;100002;56.455000000;1500;9428041092;B
20240118;100002;56.430000000;1800;9428041143;S
20240118;100002;56.425000000;1500;9428041144;S
20240118;100002;56.445000000;200;9428041228;B
20240118;100002;56.440000000;600;9428041263;B
20240118;100002;56.430000000;3300;9428041518;S
20240118;100003;56.440000000;1000;9428041583;B
20240118;100003;56.425000000;1400;9428041589;S
20240118;100003;56.420000000;100;9428041590;S
20240118;100003;56.420000000;1400;9428041591;S
20240118;100003;56.420000000;400;9428041592;B
20240118;100005;56.425000000;100;9428043225;B
20240118;100005;56.425000000;1000;9428043243;B
20240118;100005;56.410000000;100;9428043509;S
20240118;100005;56.425000000;100;9428043901;B
20240118;100006;56.440000000;100;9428044966;B
20240118;100006;56.440000000;400;9428045245;B
20240118;100007;56.440000000;100;9428045510;B
20240118;100010;56.420000000;100;9428046663;S
20240118;100010;56.420000000;200;9428046664;S
20240118;100010;56.440000000;100;9428046704;B
20240118;100010;56.440000000;100;9428046712;B
20240118;100010;56.440000000;1400;9428046763;B
20240118;100010;56.440000000;300;9428046839;B
20240118;100010;56.440000000;500;9428046975;B
20240118;100010;56.450000000;100;9428046984;B
20240118;100010;56.445000000;1000;9428047065;B
20240118;100010;56.450000000;800;9428047066;B
20240118;100011;56.450000000;700;9428047116;B
20240118;100011;56.425000000;100;9428047131;S
20240118;100013;56.440000000;1000;9428047852;B
20240118;100014;56.425000000;100;9428048040;S
20240118;100014;56.415000000;1800;9428048041;S
20240118;100014;56.415000000;900;9428048121;B
20240118;100015;56.415000000;800;9428048269;B
20240118;100015;56.415000000;100;9428048270;B
20240118;100015;56.440000000;1000;9428048271;B
20240118;100015;56.440000000;3200;9428048272;B
20240118;100015;56.440000000;4400;9428048273;B
20240118;100015;56.450000000;2700;9428048274;B
20240118;100015;56.450000000;200;9428048275;B
20240118;100015;56.450000000;1400;9428048276;B
20240118;100015;56.455000000;1400;9428048277;B
20240118;100015;56.455000000;1800;9428048278;B
20240118;100015;56.460000000;3000;9428048279;B
20240118;100015;56.460000000;4700;9428048280;B
20240118;100015;56.460000000;1400;9428048281;B
20240118;100015;56.460000000;1300;9428048282;B
20240118;100015;56.460000000;2000;9428048283;B
20240118;100015;56.465000000;5700;9428048284;B
20240118;100016;56.460000000;200;9428048496;B
20240118;100016;56.465000000;100;9428048497;B
20240118;100024;56.460000000;1000;9428049972;B
20240118;100025;56.430000000;1400;9428050271;S
20240118;100025;56.425000000;100;9428050272;S
20240118;100025;56.425000000;1400;9428050273;S
20240118;100025;56.420000000;1400;9428050274;S
20240118;100025;56.420000000;700;9428050275;B
20240118;100026;56.415000000;1700;9428050439;S
20240118;100031;56.410000000;100;9428051554;S
20240118;100034;56.420000000;1000;9428052221;B
20240118;100038;56.460000000;100;9428053183;B
20240118;100038;56.465000000;400;9428053184;B
20240118;100038;56.425000000;1000;9428053243;S
20240118;100039;56.460000000;100;9428053327;B
20240118;100041;56.420000000;100;9428053886;S
20240118;100043;56.415000000;2000;9428054178;S
20240118;100057;56.450000000;100;9428056622;B
20240118;100057;56.450000000;700;9428056623;B
20240118;100058;56.450000000;200;9428056840;B
20240118;100101;56.420000000;100;9428057196;S
20240118;100117;56.400000000;100;9428059821;S
20240118;100117;56.400000000;100;9428059822;S
20240118;100117;56.410000000;400;9428059873;B
20240118;100119;56.400000000;2000;9428060085;B
20240118;100128;56.400000000;500;9428061895;B
20240118;100132;56.400000000;100;9428062495;B
20240118;100135;56.400000000;200;9428062840;B
20240118;100139;56.400000000;100;9428063394;B
20240118;100141;56.400000000;100;9428063623;B
20240118;100148;56.400000000;100;9428064646;B
20240118;100148;56.405000000;100;9428064647;B
20240118;100153;56.400000000;2600;9428065664;S
20240118;100157;56.400000000;1300;9428066232;S
20240118;100157;56.400000000;100;9428066233;S
20240118;100207;56.400000000;3000;9428068538;B
20240118;100214;56.395000000;100;9428069702;S
20240118;100214;56.390000000;200;9428069703;S
20240118;100214;56.390000000;1700;9428069704;S
20240118;100222;56.385000000;100;9428070737;B
20240118;100223;56.385000000;800;9428071024;B
20240118;100231;56.370000000;2900;9428072065;S
20240118;100231;56.370000000;3000;9428072066;S
20240118;100231;56.360000000;4400;9428072067;S
20240118;100231;56.355000000;1400;9428072068;S
20240118;100231;56.350000000;1400;9428072069;S
20240118;100231;56.350000000;3500;9428072070;S
20240118;100231;56.350000000;200;9428072071;S
20240118;100231;56.345000000;1400;9428072072;S
20240118;100231;56.340000000;400;9428072073;S
20240118;100231;56.335000000;2000;9428072074;S
20240118;100231;56.330000000;800;9428072075;S
20240118;100231;56.325000000;2000;9428072076;S
20240118;100231;56.325000000;8500;9428072077;S
20240118;100233;56.380000000;200;9428072337;B
20240118;100236;56.375000000;200;9428072859;S
20240118;100241;56.380000000;100;9428073518;B
20240118;100245;56.375000000;100;9428074118;S
20240118;100245;56.375000000;700;9428074148;S
20240118;100245;56.365000000;2700;9428074149;S
20240118;100248;56.345000000;1500;9428074492;S
20240118;100248;56.345000000;3000;9428074493;S
20240118;100248;56.345000000;3000;9428074494;S
20240118;100248;56.340000000;1400;9428074495;S
20240118;100248;56.340000000;4400;9428074496;S
20240118;100248;56.335000000;1400;9428074497;S
20240118;100248;56.335000000;400;9428074498;S
20240118;100248;56.330000000;1200;9428074499;S
20240118;100253;56.375000000;1100;9428075408;B
20240118;100254;56.370000000;100;9428075612;B
20240118;100254;56.370000000;100;9428075630;B
20240118;100255;56.335000000;700;9428075754;S
20240118;100255;56.335000000;1300;9428075755;S
20240118;100306;56.355000000;1000;9428077648;S
20240118;100309;56.370000000;100;9428078053;B
20240118;100309;56.355000000;200;9428078078;S
20240118;100313;56.355000000;100;9428078756;S
20240118;100313;56.355000000;3000;9428078757;S
20240118;100315;56.355000000;100;9428079054;B
20240118;100322;56.355000000;100;9428079962;B
20240118;100322;56.370000000;400;9428079963;B
20240118;100326;56.340000000;400;9428080679;S
20240118;100326;56.340000000;3000;9428080680;S
20240118;100326;56.335000000;1400;9428080681;S
20240118;100326;56.335000000;7700;9428080682;S
20240118;100333;56.340000000;200;9428081666;S
20240118;100333;56.340000000;800;9428081667;S
20240118;100339;56.335000000;100;9428082527;S
20240118;100339;56.330000000;5500;9428082528;S
20240118;100339;56.330000000;2300;9428082529;S
20240118;100341;56.350000000;1800;9428082811;B
20240118;100341;56.350000000;1700;9428082812;B
20240118;100342;56.330000000;100;9428083004;S
20240118;100342;56.330000000;400;9428083005;S
20240118;100348;56.345000000;700;9428083621;B
20240118;100357;56.345000000;1400;9428084633;B
20240118;100402;56.335000000;100;9428085183;S
20240118;100402;56.330000000;900;9428085184;S
20240118;100407;56.345000000;100;9428085972;B
20240118;100409;56.345000000;100;9428086159;B
20240118;100409;56.345000000;500;9428086160;B
20240118;100409;56.345000000;1800;9428086161;B
20240118;100409;56.350000000;8300;9428086162;B
20240118;100409;56.355000000;7500;9428086163;B
20240118;100409;56.360000000;2000;9428086164;B
20240118;100409;56.365000000;1400;9428086165;B
20240118;100409;56.365000000;200;9428086166;B
20240118;100409;56.370000000;300;9428086167;B
20240118;100409;56.370000000;100;9428086168;B
20240118;100409;56.370000000;2200;9428086169;B
20240118;100409;56.370000000;1500;9428086170;B
20240118;100409;56.370000000;2000;9428086171;B
20240118;100409;56.370000000;1400;9428086172;B
20240118;100409;56.370000000;7500;9428086173;B
20240118;100409;56.370000000;4400;9428086174;B
20240118;100409;56.375000000;400;9428086175;B
20240118;100409;56.375000000;1400;9428086176;B
20240118;100409;56.380000000;2400;9428086177;B
20240118;100409;56.380000000;2000;9428086178;B
20240118;100409;56.380000000;2200;9428086179;B
20240118;100409;56.385000000;2200;9428086180;B
20240118;100409;56.385000000;2900;9428086181;B
20240118;100409;56.385000000;800;9428086182;B
20240118;100409;56.390000000;7500;9428086183;B
20240118;100409;56.390000000;2000;9428086184;B
20240118;100409;56.390000000;300;9428086185;B
20240118;100409;56.395000000;9000;9428086186;B
20240118;100409;56.395000000;500;9428086187;B
20240118;100409;56.400000000;5000;9428086188;B
20240118;100410;56.345000000;300;9428086390;S
20240118;100411;56.360000000;200;9428086490;B
20240118;100411;56.385000000;4900;9428086491;B
20240118;100419;56.355000000;1000;9428087640;S
20240118;100422;56.355000000;200;9428087971;S
20240118;100423;56.355000000;200;9428088136;S
20240118;100423;56.350000000;1900;9428088137;S
20240118;100430;56.355000000;700;9428088980;S
20240118;100430;56.355000000;200;9428088981;S
20240118;100430;56.350000000;2100;9428088982;S
20240118;100430;56.385000000;1800;9428089003;B
20240118;100430;56.385000000;7700;9428089004;B
20240118;100430;56.390000000;500;9428089005;B
20240118;100430;56.385000000;100;9428089043;B
20240118;100434;56.355000000;100;9428089582;S
20240118;100436;56.355000000;300;9428089803;S
20240118;100436;56.350000000;500;9428089804;S
20240118;100436;56.350000000;200;9428089805;S
20240118;100436;56.350000000;1400;9428089806;S
20240118;100436;56.345000000;100;9428089807;S
20240118;100441;56.350000000;200;9428090327;S
20240118;100441;56.345000000;1300;9428090328;S
20240118;100441;56.340000000;300;9428090329;S
20240118;100441;56.340000000;200;9428090330;S
20240118;100446;56.350000000;100;9428090938;S
20240118;100446;56.350000000;900;9428090939;B
20240118;100446;56.375000000;100;9428091006;B
20240118;100449;56.350000000;100;9428091590;S
20240118;100449;56.350000000;100;9428091591;S
20240118;100449;56.345000000;300;9428091592;S
20240118;100452;56.370000000;100;9428091927;B
20240118;100456;56.370000000;500;9428092538;B
20240118;100505;56.350000000;100;9428093894;S
20240118;100505;56.350000000;300;9428093895;S
20240118;100505;56.345000000;600;9428093896;S
20240118;100505;56.340000000;1000;9428093897;S
20240118;100510;56.365000000;1300;9428094600;B
20240118;100517;56.365000000;100;9428095522;B
20240118;100521;56.365000000;400;9428096035;B
20240118;100523;56.360000000;100;9428096266;B
20240118;100523;56.340000000;100;9428096318;S
20240118;100523;56.340000000;100;9428096319;S
20240118;100523;56.335000000;200;9428096320;S
20240118;100523;56.335000000;100;9428096321;S
20240118;100529;56.360000000;1000;9428097355;S
20240118;100529;56.350000000;100;9428097356;S
20240118;100529;56.340000000;200;9428097357;S
20240118;100529;56.340000000;400;9428097358;S
20240118;100529;56.340000000;100;9428097359;S
20240118;100529;56.335000000;200;9428097360;S
20240118;100531;56.335000000;200;9428097623;B
20240118;100535;56.350000000;100;9428098425;B
20240118;100537;56.365000000;1400;9428098760;B
20240118;100537;56.370000000;600;9428098761;B
20240118;100552;56.360000000;100;9428100772;B
20240118;100557;56.360000000;300;9428101628;B
20240118;100559;56.350000000;300;9428101913;S
20240118;100604;56.340000000;100;9428102460;S
20240118;100604;56.340000000;1800;9428102461;S
20240118;100604;56.335000000;300;9428102462;S
20240118;100614;56.350000000;100;9428103583;B
20240118;100616;56.350000000;900;9428103806;B
20240118;100622;56.350000000;100;9428104512;B
20240118;100624;56.350000000;1200;9428104729;B
20240118;100639;56.355000000;1400;9428106420;B
20240118;100639;56.355000000;1400;9428106421;B
20240118;100640;56.355000000;200;9428106556;S
20240118;100640;56.350000000;300;9428106557;S
20240118;100642;56.360000000;2000;9428106755;B
20240118;100646;56.360000000;100;9428107202;B
20240118;100646;56.350000000;200;9428107234;S
20240118;100646;56.350000000;100;9428107235;S
20240118;100646;56.350000000;100;9428107236;S
20240118;100720;56.345000000;100;9428111115;S
20240118;100722;56.360000000;100;9428111300;B
20240118;100726;56.360000000;100;9428111805;B
20240118;100728;56.355000000;100;9428111964;S
20240118;100728;56.350000000;300;9428111965;S
20240118;100744;56.355000000;100;9428113745;S
20240118;100744;56.350000000;100;9428113746;S
20240118;100746;56.350000000;100;9428113989;S
20240118;100747;56.350000000;1000;9428114001;S
20240118;100747;56.350000000;100;9428114002;S
20240118;100747;56.350000000;100;9428114003;S
20240118;100747;56.345000000;100;9428114004;S
20240118;100747;56.340000000;500;9428114005;S
20240118;100747;56.340000000;100;9428114006;S
20240118;100747;56.335000000;1800;9428114007;S
20240118;100747;56.330000000;2000;9428114008;S
20240118;100747;56.330000000;100;9428114009;S
20240118;100747;56.330000000;3000;9428114010;S
20240118;100747;56.330000000;200;9428114011;S
20240118;100747;56.325000000;1300;9428114012;S
20240118;100747;56.325000000;2000;9428114013;S
20240118;100747;56.325000000;9000;9428114014;S
20240118;100747;56.325000000;9400;9428114015;S
20240118;100747;56.325000000;300;9428114016;S
20240118;100747;56.325000000;10000;9428114017;S
20240118;100747;56.325000000;10000;9428114018;S
20240118;100747;56.320000000;29000;9428114019;S
20240118;100749;56.350000000;100;9428114263;B
20240118;100752;56.340000000;700;9428114638;S
20240118;100755;56.330000000;100;9428115082;S
20240118;100755;56.320000000;100;9428115083;S
20240118;100801;56.325000000;1800;9428115690;S
20240118;100801;56.325000000;100;9428115691;S
20240118;100801;56.320000000;200;9428115692;S
20240118;100801;56.320000000;10000;9428115693;S
20240118;100801;56.320000000;100;9428115694;S
20240118;100802;56.310000000;100;9428115775;S
20240118;100802;56.310000000;200;9428115776;S
20240118;100802;56.310000000;4700;9428115777;S
20240118;100804;56.315000000;1000;9428115946;B
20240118;100806;56.310000000;5300;9428116281;S
20240118;100806;56.310000000;600;9428116282;S
20240118;100806;56.305000000;100;9428116283;S
20240118;100806;56.305000000;100;9428116284;S
20240118;100806;56.305000000;900;9428116285;S
20240118;100806;56.305000000;800;9428116286;S
20240118;100806;56.305000000;100;9428116287;S
20240118;100806;56.305000000;100;9428116288;S
20240118;100806;56.305000000;100;9428116289;S
20240118;100806;56.305000000;200;9428116290;S
20240118;100806;56.305000000;100;9428116291;S
20240118;100806;56.305000000;1000;9428116292;S
20240118;100806;56.305000000;100;9428116293;S
20240118;100806;56.300000000;100;9428116294;S
20240118;100806;56.300000000;400;9428116295;S
20240118;100807;56.300000000;1500;9428116454;S
20240118;100807;56.300000000;200;9428116463;S
20240118;100813;56.300000000;500;9428117109;S
20240118;100816;56.300000000;100;9428117536;S
20240118;100826;56.300000000;500;9428118879;S
20240118;100827;56.315000000;200;9428118953;B
20240118;100834;56.300000000;1800;9428119754;S
20240118;100834;56.300000000;100;9428119755;S
20240118;100834;56.300000000;300;9428119756;S
20240118;100834;56.300000000;1300;9428119757;S
20240118;100835;56.300000000;1800;9428119884;S
20240118;100838;56.300000000;5700;9428120245;S
20240118;100838;56.300000000;3000;9428120246;S
20240118;100838;56.300000000;200;9428120247;S
20240118;100838;56.300000000;100;9428120248;S
20240118;100838;56.300000000;1000;9428120249;S
20240118;100838;56.300000000;4000;9428120250;S
20240118;100840;56.300000000;500;9428120433;S
20240118;100840;56.295000000;100;9428120490;B
20240118;100840;56.295000000;1800;9428120491;B
20240118;100849;56.295000000;1000;9428121326;S
20240118;100852;56.300000000;3000;9428121626;B
20240118;100853;56.300000000;1300;9428121675;B
20240118;100856;56.295000000;200;9428122082;S
20240118;100856;56.295000000;1000;9428122083;S
20240118;100856;56.295000000;1000;9428122084;S
20240118;100856;56.295000000;2000;9428122085;S
20240118;100856;56.290000000;3000;9428122086;S
20240118;100856;56.285000000;100;9428122087;S
20240118;100856;56.285000000;4000;9428122088;S
20240118;100856;56.285000000;200;9428122089;S
20240118;100856;56.285000000;100;9428122090;S
20240118;100856;56.285000000;100;9428122091;S
20240118;100856;56.285000000;200;9428122092;S
20240118;100856;56.280000000;100;9428122093;S
20240118;100856;56.280000000;100;9428122094;S
20240118;100856;56.275000000;100;9428122095;S
20240118;100856;56.270000000;100;9428122096;S
20240118;100856;56.270000000;100;9428122097;S
20240118;100856;56.270000000;1100;9428122098;S
20240118;100901;56.285000000;1600;9428122585;S
20240118;100908;56.285000000;200;9428123437;B
20240118;100911;56.280000000;3300;9428123710;S
20240118;100911;56.280000000;1000;9428123711;S
20240118;100911;56.275000000;100;9428123712;S
20240118;100911;56.270000000;2500;9428123713;S
20240118;100911;56.265000000;1000;9428123714;S
20240118;100911;56.265000000;1000;9428123715;S
20240118;100921;56.260000000;100;9428124647;S
20240118;100922;56.275000000;100;9428124822;B
20240118;100922;56.280000000;1800;9428124823;B
20240118;100922;56.280000000;2900;9428124824;B
20240118;100922;56.285000000;5200;9428124825;B
20240118;100923;56.260000000;100;9428124852;S
20240118;100929;56.260000000;200;9428125422;S
20240118;100932;56.285000000;100;9428125625;B
20240118;100937;56.285000000;100;9428125994;B
20240118;100940;56.260000000;100;9428126304;S
20240118;100940;56.260000000;200;9428126305;S
20240118;100940;56.260000000;200;9428126306;S
20240118;100940;56.250000000;100;9428126307;S
20240118;100940;56.250000000;300;9428126308;S
20240118;100940;56.250000000;1400;9428126309;S
20240118;100940;56.245000000;1400;9428126310;S
20240118;100940;56.245000000;100;9428126311;S
20240118;100940;56.245000000;4200;9428126312;S
20240118;100940;56.240000000;1400;9428126313;S
20240118;100940;56.235000000;100;9428126314;S
20240118;100940;56.225000000;1800;9428126315;S
20240118;100940;56.225000000;1400;9428126316;S
20240118;100940;56.220000000;2000;9428126317;S
20240118;100940;56.220000000;3100;9428126318;S
20240118;100941;56.225000000;900;9428126378;S
20240118;100941;56.225000000;1800;9428126379;S
20240118;100941;56.220000000;1300;9428126380;S
20240118;100948;56.240000000;400;9428127134;S
20240118;100948;56.240000000;600;9428127176;S
20240118;100948;56.240000000;100;9428127177;S
20240118;100948;56.235000000;700;9428127178;S
20240118;100948;56.235000000;1800;9428127179;S
20240118;100948;56.230000000;1800;9428127180;S
20240118;100949;56.235000000;100;9428127258;S
20240118;101006;56.240000000;200;9428128988;B
20240118;101017;56.270000000;800;9428130084;S
20240118;101021;56.270000000;200;9428130521;S
20240118;101021;56.255000000;100;9428130522;S
20240118;101021;56.250000000;1700;9428130523;S
20240118;101037;56.250000000;400;9428132308;S
20240118;101042;56.265000000;100;9428132943;B
20240118;101045;56.250000000;100;9428133355;S
20240118;101056;56.240000000;100;9428134461;S
20240118;101056;56.240000000;600;9428134462;S
20240118;101057;56.250000000;400;9428134646;B
20240118;101057;56.260000000;100;9428134647;B
20240118;101057;56.260000000;2000;9428134648;B
20240118;101057;56.265000000;100;9428134649;B
20240118;101057;56.270000000;600;9428134650;B
20240118;101057;56.270000000;1400;9428134651;B
20240118;101102;56.275000000;100;9428135111;B
20240118;101104;56.270000000;1000;9428135458;S
20240118;101113;56.270000000;200;9428136376;S
20240118;101119;56.270000000;600;9428136910;S
20240118;101121;56.270000000;500;9428137130;S
20240118;101122;56.270000000;400;9428137232;S
20240118;101123;56.275000000;100;9428137361;B
20240118;101127;56.270000000;100;9428137866;S
20240118;101127;56.260000000;100;9428137867;S
20240118;101147;56.255000000;100;9428139985;S
20240118;101147;56.250000000;600;9428139986;S
20240118;101147;56.245000000;100;9428139987;S
20240118;101147;56.245000000;200;9428139988;S
20240118;101147;56.240000000;1200;9428139989;S
20240118;101147;56.240000000;300;9428139990;S
20240118;101147;56.235000000;2000;9428139991;S
20240118;101147;56.235000000;100;9428139992;S
20240118;101147;56.230000000;1500;9428139993;S
20240118;101147;56.230000000;2000;9428139994;S
20240118;101147;56.225000000;2000;9428139995;S
20240118;101147;56.225000000;1800;9428139996;S
20240118;101147;56.220000000;600;9428139997;S
20240118;101147;56.220000000;100;9428139998;S
20240118;101147;56.220000000;1000;9428139999;S
20240118;101147;56.220000000;100;9428140000;S
20240118;101147;56.220000000;500;9428140001;S
20240118;101147;56.220000000;1400;9428140002;S
20240118;101147;56.215000000;100;9428140003;S
20240118;101147;56.215000000;2000;9428140004;S
20240118;101147;56.215000000;1400;9428140005;S
20240118;101147;56.215000000;3300;9428140006;S
20240118;101147;56.215000000;800;9428140007;S
20240118;101147;56.210000000;200;9428140008;S
20240118;101147;56.210000000;1600;9428140009;S
20240118;101154;56.245000000;1000;9428140694;S
20240118;101154;56.245000000;1000;9428140695;S
20240118;101154;56.250000000;100;9428140723;B
20240118;101154;56.255000000;100;9428140724;B
20240118;101154;56.255000000;100;9428140725;B
20240118;101154;56.260000000;300;9428140726;B
20240118;101155;56.260000000;500;9428140769;B
20240118;101159;56.255000000;1000;9428141232;S
20240118;101159;56.245000000;100;9428141233;S
20240118;101159;56.220000000;100;9428141234;S
20240118;101159;56.215000000;2000;9428141235;S
20240118;101159;56.215000000;600;9428141236;S
20240118;101159;56.215000000;1800;9428141237;S
20240118;101159;56.210000000;600;9428141238;S
20240118;101159;56.210000000;2600;9428141239;S
20240118;101159;56.210000000;2000;9428141240;S
20240118;101159;56.210000000;100;9428141241;S
20240118;101159;56.205000000;1700;9428141242;S
20240118;101159;56.205000000;100;9428141243;S
20240118;101159;56.205000000;100;9428141244;S
20240118;101159;56.205000000;1000;9428141245;S
20240118;101159;56.205000000;100;9428141246;S
20240118;101159;56.205000000;100;9428141247;S
20240118;101159;56.205000000;3000;9428141248;S
20240118;101159;56.205000000;2000;9428141249;S
20240118;101159;56.205000000;2200;9428141250;S
20240118;101159;56.205000000;400;9428141251;S
20240118;101159;56.205000000;200;9428141252;S
20240118;101159;56.205000000;1400;9428141253;S
20240118;101159;56.205000000;100;9428141254;S
20240118;101159;56.205000000;400;9428141255;S
20240118;101159;56.200000000;1100;9428141256;S
20240118;101159;56.200000000;200;9428141257;S
20240118;101159;56.215000000;400;9428141264;S
20240118;101159;56.215000000;3000;9428141265;S
20240118;101159;56.210000000;100;9428141266;S
20240118;101159;56.205000000;200;9428141267;S
20240118;101159;56.200000000;46300;9428141268;S
20240118;101159;56.200000000;13500;9428141269;S
20240118;101159;56.200000000;1000;9428141270;S
20240118;101159;56.200000000;100;9428141271;S
20240118;101159;56.200000000;10000;9428141272;S
20240118;101159;56.200000000;8800;9428141273;S
20240118;101159;56.200000000;100;9428141274;S
20240118;101159;56.200000000;500;9428141275;S
20240118;101159;56.200000000;1000;9428141276;S
20240118;101159;56.200000000;1800;9428141277;S
20240118;101159;56.200000000;800;9428141278;S
20240118;101159;56.200000000;400;9428141279;S
20240118;101159;56.200000000;1000;9428141280;S
20240118;101159;56.195000000;100;9428141281;S
20240118;101159;56.195000000;1400;9428141282;S
20240118;101159;56.195000000;100;9428141283;S
20240118;101159;56.190000000;1400;9428141284;S
20240118;101159;56.190000000;800;9428141285;S
20240118;101159;56.185000000;2000;9428141286;S
20240118;101159;56.185000000;1400;9428141287;S
20240118;101159;56.180000000;3800;9428141288;S
20240118;101159;56.230000000;1000;9428141289;B
20240118;101159;56.225000000;1000;9428141331;S
20240118;101159;56.225000000;1000;9428141332;S
20240118;101159;56.225000000;1000;9428141333;S
20240118;101159;56.225000000;1500;9428141334;S
20240118;101159;56.225000000;1000;9428141335;S
20240118;101159;56.225000000;1000;9428141336;S
20240118;101159;56.225000000;1000;9428141337;S
20240118;101159;56.225000000;1000;9428141338;B
20240118;101159;56.220000000;1400;9428141339;B
20240118;101159;56.225000000;1000;9428141340;B
20240118;101200;56.225000000;1000;9428141389;S
20240118;101200;56.220000000;500;9428141390;S
20240118;101200;56.220000000;5000;9428141413;S
20240118;101201;56.220000000;3100;9428141490;S
20240118;101201;56.215000000;100;9428141491;S
20240118;101201;56.200000000;200;9428141492;S
20240118;101201;56.200000000;1000;9428141493;B
20240118;101206;56.200000000;400;9428142337;B
20240118;101206;56.200000000;200;9428142393;B
20240118;101206;56.210000000;100;9428142394;B
20240118;101206;56.215000000;100;9428142395;B
20240118;101206;56.220000000;800;9428142396;B
20240118;101206;56.220000000;1800;9428142397;B
20240118;101206;56.190000000;100;9428142431;S
20240118;101206;56.190000000;400;9428142432;S
20240118;101206;56.180000000;3200;9428142433;S
20240118;101210;56.210000000;100;9428142878;B
20240118;101210;56.215000000;300;9428142879;B
20240118;101212;56.185000000;100;9428143162;S
20240118;101212;56.185000000;100;9428143163;S
20240118;101212;56.180000000;100;9428143164;S
20240118;101212;56.180000000;1000;9428143165;S
20240118;101212;56.175000000;100;9428143166;S
20240118;101212;56.175000000;1800;9428143167;S
20240118;101212;56.170000000;5000;9428143168;S
20240118;101212;56.165000000;1400;9428143169;S
20240118;101212;56.165000000;400;9428143170;S
20240118;101212;56.215000000;300;9428143181;B
20240118;101213;56.170000000;300;9428143349;S
20240118;101213;56.170000000;4200;9428143350;S
20240118;101213;56.165000000;3800;9428143351;S
20240118;101213;56.165000000;1400;9428143352;S
20240118;101213;56.165000000;1800;9428143353;S
20240118;101213;56.165000000;2500;9428143354;S
20240118;101213;56.160000000;100;9428143355;S
20240118;101213;56.160000000;500;9428143356;S
20240118;101213;56.160000000;100;9428143357;S
20240118;101213;56.160000000;100;9428143358;S
20240118;101213;56.160000000;400;9428143359;S
20240118;101213;56.160000000;1400;9428143360;S
20240118;101213;56.160000000;8400;9428143361;S
20240118;101214;56.185000000;1000;9428143505;S
20240118;101214;56.180000000;100;9428143506;S
20240118;101215;56.175000000;1800;9428143643;B
20240118;101215;56.180000000;200;9428143644;B
20240118;101217;56.190000000;100;9428143797;B
20240118;101221;56.190000000;500;9428144031;B
20240118;101227;56.155000000;300;9428144647;S
20240118;101227;56.155000000;200;9428144648;S
20240118;101227;56.155000000;100;9428144649;S
20240118;101234;56.170000000;100;9428145273;S
20240118;101234;56.170000000;100;9428145274;S
20240118;101234;56.165000000;300;9428145275;S
20240118;101240;56.180000000;100;9428145986;S
20240118;101240;56.170000000;100;9428145987;S
20240118;101240;56.165000000;300;9428145988;S
20240118;101241;56.210000000;100;9428146120;B
20240118;101241;56.210000000;600;9428146121;B
20240118;101241;56.210000000;1300;9428146122;B
20240118;101241;56.165000000;800;9428146149;S
20240118;101241;56.165000000;1300;9428146159;S
20240118;101241;56.165000000;1800;9428146160;S
20240118;101241;56.160000000;2600;9428146161;S
20240118;101241;56.160000000;1400;9428146162;S
20240118;101241;56.160000000;100;9428146163;S
20240118;101241;56.155000000;2200;9428146164;S
20240118;101241;56.155000000;1400;9428146165;S
20240118;101241;56.155000000;100;9428146166;S
20240118;101241;56.155000000;500;9428146167;S
20240118;101241;56.150000000;900;9428146168;S
20240118;101241;56.150000000;400;9428146169;S
20240118;101241;56.150000000;200;9428146170;S
20240118;101241;56.150000000;5000;9428146171;S
20240118;101241;56.150000000;1800;9428146172;S
20240118;101241;56.150000000;2600;9428146173;S
20240118;101241;56.150000000;1000;9428146174;S
20240118;101241;56.150000000;200;9428146175;S
20240118;101241;56.150000000;2000;9428146176;S
20240118;101241;56.150000000;100;9428146177;S
20240118;101241;56.150000000;5100;9428146178;S
20240118;101241;56.150000000;3000;9428146179;S
20240118;101241;56.150000000;200;9428146180;S
20240118;101241;56.150000000;1400;9428146181;S
20240118;101241;56.145000000;200;9428146182;S
20240118;101241;56.140000000;100;9428146183;S
20240118;101241;56.140000000;2000;9428146184;S
20240118;101241;56.140000000;800;9428146185;S
20240118;101241;56.140000000;2000;9428146186;S
20240118;101241;56.135000000;600;9428146187;S
20240118;101241;56.130000000;200;9428146188;S
20240118;101241;56.130000000;200;9428146189;S
20240118;101241;56.130000000;2000;9428146190;S
20240118;101241;56.130000000;600;9428146191;S
20240118;101241;56.130000000;1000;9428146192;S
20240118;101241;56.125000000;2300;9428146193;S
20240118;101242;56.135000000;1200;9428146255;S
20240118;101242;56.135000000;600;9428146274;S
20240118;101243;56.160000000;2200;9428146398;S
20240118;101243;56.150000000;1000;9428146399;S
20240118;101243;56.150000000;100;9428146400;S
20240118;101243;56.130000000;1400;9428146401;S
20240118;101243;56.130000000;300;9428146402;S
20240118;101249;56.135000000;100;9428147013;S
20240118;101253;56.165000000;1000;9428147557;B
20240118;101253;56.175000000;600;9428147558;B
20240118;101253;56.180000000;400;9428147559;B
20240118;101255;56.150000000;100;9428147680;S
20240118;101255;56.145000000;600;9428147710;S
20240118;101259;56.150000000;100;9428148043;S
20240118;101259;56.145000000;1400;9428148044;S
20240118;101309;56.150000000;100;9428149160;S
20240118;101312;56.155000000;100;9428149414;S
20240118;101312;56.150000000;400;9428149415;S
20240118;101319;56.155000000;100;9428150388;S
20240118;101319;56.155000000;500;9428150389;B
20240118;101319;56.155000000;100;9428150390;B
20240118;101320;56.160000000;100;9428150546;B
20240118;101321;56.150000000;400;9428150603;S
20240118;101321;56.165000000;600;9428150604;B
20240118;101321;56.175000000;100;9428150605;B
20240118;101321;56.180000000;700;9428150606;B
20240118;101322;56.160000000;100;9428150661;B
20240118;101326;56.160000000;100;9428151073;B
20240118;101326;56.175000000;100;9428151074;B
20240118;101326;56.180000000;800;9428151075;B
20240118;101328;56.150000000;100;9428151252;S
20240118;101330;56.160000000;100;9428151487;B
20240118;101330;56.160000000;100;9428151488;B
20240118;101336;56.170000000;100;9428152261;B
20240118;101336;56.180000000;500;9428152262;B
20240118;101336;56.180000000;600;9428152263;B
20240118;101336;56.180000000;1400;9428152264;B
20240118;101336;56.185000000;300;9428152265;B
20240118;101336;56.185000000;100;9428152266;B
20240118;101338;56.185000000;1400;9428152357;B
20240118;101338;56.190000000;1400;9428152358;B
20240118;101338;56.190000000;100;9428152359;B
20240118;101338;56.190000000;100;9428152360;B
20240118;101338;56.195000000;2000;9428152361;B
20240118;101338;56.190000000;1400;9428152367;B
20240118;101338;56.195000000;3600;9428152368;B
20240118;101359;56.185000000;100;9428154714;S
20240118;101359;56.180000000;100;9428154715;S
20240118;101359;56.180000000;600;9428154716;S
20240118;101401;56.180000000;100;9428154936;B
20240118;101401;56.160000000;5000;9428154975;B
20240118;101401;56.155000000;100;9428155021;S
20240118;101401;56.155000000;1500;9428155022;S
20240118;101401;56.150000000;500;9428155023;S
20240118;101401;56.150000000;1000;9428155024;S
20240118;101401;56.150000000;100;9428155025;S
20240118;101401;56.150000000;100;9428155026;S
20240118;101401;56.150000000;1700;9428155027;B
20240118;101402;56.180000000;100;9428155144;B
20240118;101402;56.160000000;500;9428155145;S
20240118;101403;56.160000000;100;9428155208;S
20240118;101405;56.180000000;1700;9428155375;B
20240118;101408;56.160000000;100;9428155782;S
20240118;101408;56.150000000;400;9428155783;S
20240118;101410;56.160000000;100;9428155963;B
20240118;101411;56.150000000;400;9428156059;S
20240118;101411;56.150000000;100;9428156060;S
20240118;101411;56.145000000;400;9428156061;S
20240118;101415;56.160000000;100;9428156712;B
20240118;101422;56.170000000;100;9428157454;B
20240118;101422;56.175000000;300;9428157455;B
20240118;101426;56.150000000;100;9428157884;S
20240118;101426;56.150000000;100;9428157885;S
20240118;101426;56.150000000;300;9428157886;S
20240118;101430;56.150000000;100;9428158439;S
20240118;101432;56.170000000;100;9428158690;B
20240118;101432;56.170000000;2600;9428158691;B
20240118;101432;56.175000000;100;9428158692;B
20240118;101432;56.175000000;2000;9428158693;B
20240118;101432;56.180000000;12300;9428158694;B
20240118;101432;56.180000000;2900;9428158695;B
20240118;101433;56.180000000;500;9428158808;B
20240118;101438;56.175000000;100;9428159588;S
20240118;101438;56.175000000;1400;9428159589;S
20240118;101438;56.170000000;100;9428159590;S
20240118;101438;56.170000000;3300;9428159591;S
20240118;101441;56.180000000;100;9428159946;B
20240118;101443;56.170000000;100;9428160196;S
20240118;101445;56.180000000;200;9428160427;B
20240118;101450;56.180000000;100;9428161057;B
20240118;101453;56.170000000;1600;9428161399;S
20240118;101453;56.170000000;300;9428161400;S
20240118;101453;56.165000000;1800;9428161401;S
20240118;101453;56.165000000;100;9428161402;S
20240118;101453;56.165000000;700;9428161403;S
20240118;101453;56.160000000;1300;9428161404;S
20240118;101453;56.160000000;1000;9428161405;S
20240118;101453;56.160000000;1000;9428161406;S
20240118;101453;56.160000000;600;9428161407;S
20240118;101458;56.170000000;100;9428161928;S
20240118;101458;56.170000000;4000;9428161940;S
20240118;101501;56.170000000;100;9428162237;S
20240118;101502;56.170000000;200;9428162620;S
20240118;101503;56.170000000;100;9428163014;S
20240118;101505;56.170000000;100;9428163206;S
20240118;101508;56.175000000;300;9428163908;B
20240118;101519;56.175000000;100;9428166406;B
20240118;101521;56.170000000;100;9428166922;S
20240118;101523;56.175000000;100;9428167252;B
20240118;101524;56.175000000;200;9428167360;B
20240118;101526;56.175000000;100;9428167735;B
20240118;101527;56.175000000;1200;9428168004;B
20240118;101527;56.175000000;100;9428168005;B
20240118;101527;56.180000000;3300;9428168006;B
20240118;101529;56.170000000;100;9428168374;S
20240118;101529;56.175000000;100;9428168416;B
20240118;101531;56.175000000;200;9428168816;B
20240118;101533;56.175000000;200;9428169054;B
20240118;101535;56.170000000;100;9428169559;S
20240118;101536;56.170000000;100;9428169676;S
20240118;101537;56.175000000;1500;9428169727;B
20240118;101537;56.175000000;100;9428169728;B
20240118;101539;56.175000000;100;9428170049;B
20240118;101539;56.170000000;100;9428170099;S
20240118;101539;56.170000000;100;9428170100;S
20240118;101539;56.170000000;1000;9428170101;S
20240118;101539;56.170000000;1000;9428170102;S
20240118;101539;56.170000000;2800;9428170103;S
20240118;101539;56.170000000;1000;9428170109;S
20240118;101540;56.175000000;100;9428170354;B
20240118;101543;56.175000000;200;9428170844;B
20240118;101543;56.170000000;100;9428170912;S
20240118;101547;56.170000000;100;9428171615;S
20240118;101547;56.175000000;200;9428171620;B
20240118;101548;56.175000000;200;9428171637;B
20240118;101551;56.175000000;500;9428172226;B
20240118;101551;56.180000000;400;9428172344;B
20240118;101551;56.180000000;100;9428172345;B
20240118;101551;56.185000000;500;9428172346;B
20240118;101552;56.180000000;300;9428172436;S
20240118;101553;56.180000000;100;9428172580;S
20240118;101553;56.180000000;100;9428172785;S
20240118;101554;56.185000000;200;9428172898;B
20240118;101554;56.185000000;100;9428172903;B
20240118;101556;56.185000000;100;9428173132;B
20240118;101558;56.185000000;100;9428173477;B
20240118;101606;56.180000000;100;9428174826;S
20240118;101606;56.185000000;200;9428174943;B
20240118;101608;56.180000000;100;9428175295;S
20240118;101608;56.185000000;300;9428175296;B
20240118;101608;56.180000000;100;9428175367;S
20240118;101610;56.185000000;100;9428175670;B
20240118;101610;56.180000000;100;9428175697;S
20240118;101612;56.185000000;400;9428175945;B
20240118;101613;56.190000000;100;9428176145;B
20240118;101613;56.190000000;1200;9428176211;B
20240118;101614;56.190000000;100;9428176365;B
20240118;101615;56.190000000;100;9428176487;B
20240118;101616;56.190000000;100;9428176670;B
20240118;101616;56.190000000;600;9428176701;B
20240118;101617;56.190000000;300;9428176878;S
20240118;101619;56.195000000;100;9428177384;B
20240118;101621;56.195000000;200;9428177759;B
20240118;101623;56.195000000;100;9428178051;B
20240118;101624;56.195000000;100;9428178197;B
20240118;101624;56.190000000;100;9428178245;S
20240118;101624;56.195000000;600;9428178251;B
20240118;101625;56.195000000;3300;9428178478;B
20240118;101625;56.195000000;2000;9428178479;B
20240118;101625;56.195000000;7500;9428178480;B
20240118;101625;56.195000000;2000;9428178481;B
20240118;101625;56.200000000;300;9428178482;B
20240118;101625;56.200000000;400;9428178483;B
20240118;101625;56.200000000;200;9428178484;B
20240118;101625;56.200000000;2500;9428178485;B
20240118;101625;56.205000000;2000;9428178486;B
20240118;101625;56.205000000;100;9428178487;B
20240118;101625;56.215000000;100;9428178533;B
20240118;101626;56.215000000;1900;9428178590;B
20240118;101626;56.215000000;100;9428178591;B
20240118;101626;56.215000000;3000;9428178592;B
20240118;101626;56.215000000;4500;9428178595;B
20240118;101626;56.225000000;2000;9428178643;B
20240118;101626;56.225000000;3000;9428178644;B
20240118;101626;56.230000000;5000;9428178669;B
20240118;101627;56.220000000;1000;9428178759;S
20240118;101627;56.220000000;100;9428178760;S
20240118;101627;56.220000000;1000;9428178761;S
20240118;101627;56.220000000;200;9428178762;S
20240118;101627;56.195000000;300;9428178763;S
20240118;101627;56.190000000;400;9428178764;S
20240118;101627;56.230000000;2500;9428178772;B
20240118;101627;56.235000000;2000;9428178773;B
20240118;101627;56.235000000;1400;9428178774;B
20240118;101627;56.235000000;100;9428178775;B
20240118;101627;56.235000000;4000;9428178776;B
20240118;101644;56.225000000;100;9428182117;B
20240118;101650;56.225000000;100;9428182818;B
20240118;101707;56.220000000;100;9428185502;B
20240118;101708;56.220000000;100;9428185591;B
20240118;101709;56.220000000;100;9428185751;B
20240118;101716;56.195000000;100;9428186893;S
20240118;101716;56.195000000;100;9428186894;S
20240118;101716;56.195000000;800;9428186895;B
20240118;101718;56.190000000;500;9428187072;S
20240118;101718;56.190000000;100;9428187073;S
20240118;101718;56.185000000;1800;9428187074;S
20240118;101718;56.185000000;100;9428187075;S
20240118;101718;56.185000000;400;9428187076;S
20240118;101718;56.185000000;300;9428187077;S
20240118;101718;56.180000000;2500;9428187078;S
20240118;101718;56.180000000;200;9428187079;S
20240118;101718;56.180000000;500;9428187080;S
20240118;101718;56.175000000;1600;9428187081;S
20240118;101734;56.180000000;100;9428189334;S
20240118;101734;56.180000000;900;9428189335;S
20240118;101735;56.180000000;1100;9428189392;S
20240118;101735;56.180000000;100;9428189393;S
20240118;101735;56.175000000;1400;9428189394;S
20240118;101735;56.175000000;200;9428189395;S
20240118;101735;56.175000000;100;9428189396;S
20240118;101735;56.175000000;3000;9428189397;S
20240118;101735;56.170000000;1000;9428189398;S
20240118;101735;56.170000000;100;9428189399;S
20240118;101735;56.170000000;200;9428189400;S
20240118;101735;56.170000000;200;9428189401;S
20240118;101735;56.165000000;200;9428189402;S
20240118;101735;56.165000000;1400;9428189403;S
20240118;101735;56.165000000;100;9428189404;S
20240118;101735;56.160000000;400;9428189405;S
20240118;101735;56.160000000;100;9428189406;S
20240118;101735;56.160000000;500;9428189407;S
20240118;101735;56.160000000;2000;9428189408;S
20240118;101735;56.160000000;100;9428189409;S
20240118;101735;56.160000000;500;9428189410;S
20240118;101735;56.160000000;1400;9428189411;S
20240118;101735;56.160000000;900;9428189412;S
20240118;101736;56.200000000;100;9428189519;B
20240118;101745;56.190000000;1800;9428190623;B
20240118;101745;56.195000000;100;9428190624;B
20240118;101745;56.195000000;500;9428190625;B
20240118;101745;56.195000000;2800;9428190626;B
20240118;101745;56.195000000;100;9428190627;B
20240118;101746;56.205000000;100;9428190674;B
20240118;101747;56.195000000;3500;9428190824;S
20240118;101747;56.190000000;100;9428190825;S
20240118;101747;56.160000000;100;9428190826;S
20240118;101747;56.160000000;100;9428190827;S
20240118;101747;56.160000000;300;9428190828;S
20240118;101747;56.160000000;300;9428190829;S
20240118;101747;56.155000000;5600;9428190830;S
20240118;101756;56.160000000;1000;9428191818;S
20240118;101808;56.190000000;300;9428193068;B
20240118;101808;56.195000000;1500;9428193069;B
20240118;101808;56.200000000;6400;9428193070;B
20240118;101808;56.200000000;100;9428193071;B
20240118;101808;56.200000000;100;9428193072;B
20240118;101808;56.200000000;1700;9428193073;B
20240118;101819;56.175000000;100;9428194172;S
20240118;101819;56.170000000;1700;9428194173;S
20240118;101819;56.165000000;100;9428194174;S
20240118;101824;56.180000000;100;9428194723;B
20240118;101826;56.180000000;100;9428194840;B
20240118;101831;56.175000000;100;9428195409;S
20240118;101833;56.180000000;1600;9428195708;B
20240118;101833;56.190000000;100;9428195709;B
20240118;101833;56.195000000;1800;9428195710;B
20240118;101833;56.195000000;100;9428195711;B
20240118;101833;56.200000000;2100;9428195712;B
20240118;101833;56.200000000;100;9428195713;B
20240118;101833;56.205000000;2000;9428195714;B
20240118;101833;56.205000000;1400;9428195715;B
20240118;101833;56.205000000;600;9428195716;B
20240118;101833;56.210000000;200;9428195717;B
20240118;101835;56.215000000;2000;9428195858;B
20240118;101835;56.215000000;1400;9428195859;B
20240118;101835;56.220000000;100;9428195860;B
20240118;101835;56.220000000;1400;9428195861;B
20240118;101835;56.220000000;1000;9428195862;B
20240118;101835;56.220000000;100;9428195863;B
20240118;101835;56.225000000;2000;9428195864;B
20240118;101835;56.225000000;2000;9428195865;B
20240118;101843;56.190000000;100;9428196634;S
20240118;101854;56.190000000;400;9428197724;S
20240118;101854;56.190000000;200;9428197808;S
20240118;101856;56.200000000;10000;9428197963;B
20240118;101857;56.220000000;100;9428198078;B
20240118;101913;56.225000000;100;9428199710;B
20240118;101914;56.205000000;100;9428199739;S
20240118;101919;56.225000000;300;9428200659;B
20240118;101932;56.205000000;1700;9428202417;S
20240118;101932;56.205000000;300;9428202418;S
20240118;101934;56.205000000;400;9428202701;S
20240118;101948;56.225000000;100;9428204562;B
20240118;101950;56.225000000;100;9428204881;B
20240118;102027;56.210000000;1200;9428208926;S
20240118;102033;56.220000000;100;9428209800;B
20240118;102040;56.210000000;100;9428210682;S
20240118;102040;56.220000000;100;9428210792;B
20240118;102040;56.220000000;900;9428210793;B
20240118;102041;56.225000000;100;9428210862;B
20240118;102045;56.220000000;500;9428211264;S
20240118;102046;56.225000000;1000;9428211488;B
20240118;102049;56.225000000;100;9428211876;B
20240118;102049;56.225000000;700;9428211877;B
20240118;102050;56.225000000;700;9428211993;B
20240118;102050;56.225000000;100;9428211994;B
20240118;102050;56.225000000;3700;9428211995;B
20240118;102050;56.225000000;100;9428211996;B
20240118;102050;56.225000000;300;9428211997;B
20240118;102051;56.225000000;100;9428212188;B
20240118;102052;56.225000000;100;9428212228;B
20240118;102052;56.230000000;900;9428212229;B
20240118;102102;56.225000000;100;9428213711;B
20240118;102102;56.225000000;200;9428213712;B
20240118;102102;56.225000000;100;9428213722;S
20240118;102102;56.225000000;100;9428213736;S
20240118;102103;56.225000000;100;9428213746;S
20240118;102107;56.225000000;300;9428214217;S
20240118;102110;56.230000000;9100;9428214567;B
20240118;102110;56.230000000;1400;9428214568;B
20240118;102110;56.230000000;100;9428214569;B
20240118;102110;56.230000000;400;9428214574;S
20240118;102110;56.230000000;100;9428214640;S
20240118;102121;56.235000000;100;9428215882;B
20240118;102122;56.235000000;100;9428216015;B
20240118;102128;56.230000000;100;9428216649;S
20240118;102134;56.230000000;100;9428217419;B
20240118;102143;56.235000000;1000;9428218259;B
20240118;102144;56.235000000;1000;9428218326;B
20240118;102217;56.230000000;200;9428222049;B
20240118;102217;56.230000000;100;9428222050;B
20240118;102217;56.235000000;1000;9428222051;B
20240118;102217;56.240000000;100;9428222052;B
20240118;102217;56.240000000;600;9428222053;B
20240118;102222;56.230000000;1800;9428222529;S
20240118;102222;56.225000000;4100;9428222530;S
20240118;102222;56.225000000;2000;9428222531;S
20240118;102223;56.220000000;100;9428222562;S
20240118;102223;56.225000000;100;9428222571;B
20240118;102223;56.225000000;100;9428222577;B
20240118;102223;56.225000000;100;9428222579;B
20240118;102223;56.225000000;100;9428222581;B
20240118;102223;56.225000000;100;9428222584;B
20240118;102223;56.225000000;100;9428222591;B
20240118;102223;56.225000000;100;9428222601;B
20240118;102223;56.225000000;100;9428222621;B
20240118;102223;56.225000000;100;9428222637;B
20240118;102223;56.225000000;400;9428222649;B
20240118;102223;56.225000000;100;9428222652;B
20240118;102223;56.225000000;100;9428222653;B
20240118;102224;56.225000000;400;9428222655;B
20240118;102224;56.225000000;100;9428222660;B
20240118;102224;56.225000000;100;9428222661;B
20240118;102224;56.225000000;400;9428222671;B
20240118;102224;56.225000000;100;9428222672;B
20240118;102224;56.225000000;100;9428222674;B
20240118;102224;56.225000000;400;9428222675;B
20240118;102224;56.225000000;100;9428222676;B
20240118;102224;56.225000000;100;9428222680;B
20240118;102224;56.225000000;400;9428222688;B
20240118;102224;56.225000000;100;9428222689;B
20240118;102224;56.225000000;100;9428222690;B
20240118;102224;56.225000000;400;9428222696;B
20240118;102224;56.225000000;100;9428222697;B
20240118;102224;56.225000000;100;9428222698;B
20240118;102224;56.225000000;400;9428222702;B
20240118;102224;56.225000000;100;9428222705;B
20240118;102224;56.225000000;100;9428222706;B
20240118;102224;56.225000000;400;9428222708;B
20240118;102224;56.225000000;300;9428222771;B
20240118;102225;56.225000000;200;9428222809;B
20240118;102226;56.225000000;500;9428222891;B
20240118;102227;56.225000000;500;9428223014;B
20240118;102230;56.220000000;100;9428223332;S
20240118;102236;56.225000000;400;9428223889;B
20240118;102245;56.220000000;100;9428224841;S
20240118;102250;56.225000000;500;9428225271;B
20240118;102253;56.220000000;100;9428225634;S
20240118;102253;56.220000000;3000;9428225635;S
20240118;102257;56.225000000;100;9428225988;B
20240118;102259;56.225000000;1800;9428226173;B
20240118;102305;56.225000000;7000;9428226728;B
20240118;102308;56.220000000;500;9428226955;S
20240118;102315;56.220000000;7800;9428227660;S
20240118;102320;56.225000000;500;9428228120;B
20240118;102327;56.220000000;2000;9428228715;S
20240118;102328;56.220000000;100;9428228812;S
20240118;102330;56.220000000;100;9428229127;S
20240118;102330;56.225000000;100;9428229130;B
20240118;102331;56.220000000;100;9428229248;S
20240118;102332;56.225000000;100;9428229288;B
20240118;102334;56.225000000;100;9428229432;B
20240118;102340;56.220000000;2500;9428229921;S
20240118;102348;56.220000000;200;9428230608;S
20240118;102355;56.225000000;400;9428231271;B
20240118;102355;56.225000000;700;9428231272;B
20240118;102358;56.220000000;100;9428231503;S
20240118;102359;56.225000000;2500;9428231706;B
20240118;102359;56.225000000;100;9428231707;B
20240118;102359;56.235000000;100;9428231708;B
20240118;102359;56.240000000;800;9428231709;B
20240118;102400;56.220000000;500;9428231800;S
20240118;102406;56.225000000;100;9428233014;S
20240118;102406;56.220000000;5100;9428233015;S
20240118;102406;56.220000000;200;9428233016;S
20240118;102406;56.220000000;100;9428233017;S
20240118;102406;56.215000000;100;9428233074;S
20240118;102406;56.210000000;100;9428233075;S
20240118;102408;56.215000000;100;9428233254;B
20240118;102410;56.215000000;1700;9428233574;B
20240118;102410;56.220000000;7300;9428233575;B
20240118;102414;56.220000000;100;9428234016;B
20240118;102428;56.220000000;900;9428235414;B
20240118;102434;56.210000000;1000;9428236051;S
20240118;102434;56.220000000;100;9428236075;B
20240118;102436;56.220000000;200;9428236233;B
20240118;102437;56.210000000;600;9428236322;S
20240118;102437;56.210000000;400;9428236323;S
20240118;102437;56.210000000;2000;9428236324;S
20240118;102437;56.210000000;100;9428236325;S
20240118;102437;56.205000000;1000;9428236326;S
20240118;102437;56.205000000;3400;9428236327;S
20240118;102437;56.205000000;10200;9428236328;S
20240118;102439;56.210000000;100;9428236461;B
20240118;102439;56.215000000;400;9428236462;B
20240118;102442;56.215000000;100;9428236897;B
20240118;102442;56.205000000;100;9428236898;S
20240118;102444;56.210000000;100;9428237038;B
20240118;102447;56.215000000;100;9428237267;B
20240118;102451;56.220000000;100;9428237580;B
20240118;102500;56.220000000;800;9428238677;B
20240118;102504;56.205000000;100;9428239090;S
20240118;102506;56.205000000;200;9428239261;S
20240118;102512;56.205000000;2000;9428240009;S
20240118;102521;56.205000000;100;9428241164;S
20240118;102528;56.205000000;100;9428241719;S
20240118;102530;56.205000000;100;9428241953;S
20240118;102530;56.205000000;100;9428241999;S
20240118;102536;56.205000000;100;9428242577;S
20240118;102537;56.210000000;100;9428242709;B
20240118;102538;56.210000000;100;9428242763;B
20240118;102539;56.210000000;100;9428242840;B
20240118;102540;56.210000000;100;9428242921;B
20240118;102547;56.200000000;1100;9428243497;S
20240118;102547;56.200000000;100;9428243498;S
20240118;102547;56.200000000;100;9428243499;S
20240118;102547;56.200000000;700;9428243500;S
20240118;102547;56.200000000;1300;9428243531;S
20240118;102547;56.200000000;100;9428243532;S
20240118;102547;56.200000000;1000;9428243533;S
20240118;102547;56.195000000;400;9428243534;S
20240118;102547;56.190000000;100;9428243535;S
20240118;102547;56.190000000;1300;9428243536;S
20240118;102547;56.200000000;100;9428243581;B
20240118;102615;56.200000000;100;9428246408;B
20240118;102622;56.200000000;100;9428247096;S
20240118;102624;56.200000000;3600;9428247359;S
20240118;102626;56.205000000;1000;9428247633;B
20240118;102637;56.210000000;100;9428248565;B
20240118;102644;56.205000000;1500;9428249374;S
20240118;102644;56.210000000;100;9428249379;B
20240118;102644;56.210000000;100;9428249431;B
20240118;102644;56.210000000;1000;9428249432;B
20240118;102656;56.210000000;100;9428250627;S
20240118;102656;56.205000000;500;9428250628;S
20240118;102656;56.205000000;100;9428250629;S
20240118;102656;56.200000000;4300;9428250630;S
20240118;102658;56.215000000;100;9428250814;B
20240118;102709;56.205000000;200;9428251743;S
20240118;102709;56.200000000;800;9428251744;S
20240118;102709;56.215000000;200;9428251773;B
20240118;102722;56.215000000;100;9428253047;B
20240118;102742;56.220000000;100;9428255547;B
20240118;102756;56.220000000;100;9428258075;B
20240118;102800;56.220000000;700;9428258887;B
20240118;102803;56.215000000;100;9428259360;S
20240118;102803;56.210000000;1500;9428259361;S
20240118;102803;56.205000000;100;9428259362;S
20240118;102803;56.205000000;2200;9428259363;S
20240118;102803;56.205000000;100;9428259364;S
20240118;102803;56.200000000;3300;9428259365;S
20240118;102805;56.215000000;100;9428259691;B
20240118;102814;56.215000000;100;9428261573;B
20240118;102828;56.215000000;100;9428263493;S
20240118;102830;56.215000000;100;9428263809;S
20240118;102847;56.210000000;100;9428265791;B
20240118;102854;56.220000000;100;9428266468;B
20240118;102854;56.205000000;700;9428266534;S
20240118;102903;56.200000000;2200;9428267281;S
20240118;102904;56.205000000;14500;9428267369;B
20240118;102910;56.210000000;100;9428268019;B
20240118;102910;56.215000000;200;9428268020;B
20240118;102914;56.220000000;200;9428268431;B
20240118;102921;56.220000000;300;9428269184;B
20240118;102924;56.220000000;1000;9428269646;B
20240118;102927;56.210000000;300;9428269921;S
20240118;102930;56.210000000;29700;9428270084;S
20240118;102930;56.205000000;100;9428270085;S
20240118;102930;56.200000000;2700;9428270086;S
20240118;102930;56.200000000;100;9428270087;S
20240118;102930;56.200000000;100;9428270088;S
20240118;102930;56.200000000;8400;9428270089;S
20240118;102930;56.200000000;100;9428270090;S
20240118;102930;56.200000000;2200;9428270091;S
20240118;102930;56.200000000;6600;9428270092;S
20240118;102932;56.210000000;100;9428270238;B
20240118;102936;56.205000000;100;9428270623;B
20240118;102943;56.200000000;3400;9428271329;S
20240118;102943;56.195000000;200;9428271330;S
20240118;102943;56.190000000;2400;9428271331;S
20240118;102948;56.190000000;1300;9428271784;S
20240118;102956;56.185000000;1700;9428272659;S
20240118;102956;56.185000000;100;9428272660;S
20240118;102956;56.180000000;200;9428272661;S
20240118;102956;56.175000000;2200;9428272662;S
20240118;102956;56.175000000;400;9428272663;S
20240118;102956;56.170000000;1500;9428272664;S
20240118;103002;56.170000000;500;9428273493;S
20240118;103002;56.170000000;500;9428273494;S
20240118;103007;56.185000000;100;9428274310;B
20240118;103007;56.190000000;900;9428274311;B
20240118;103009;56.170000000;300;9428274623;S
20240118;103019;56.180000000;200;9428275713;B
20240118;103019;56.180000000;800;9428275735;B
20240118;103019;56.180000000;100;9428275736;B
20240118;103019;56.190000000;100;9428275737;B
20240118;103025;56.190000000;100;9428276983;S
20240118;103026;56.195000000;1000;9428277150;B
20240118;103027;56.195000000;200;9428277390;B
20240118;103035;56.195000000;200;9428278851;B
20240118;103036;56.190000000;100;9428279017;S
20240118;103038;56.190000000;900;9428279235;S
20240118;103038;56.180000000;100;9428279236;S
20240118;103038;56.175000000;1200;9428279237;S
20240118;103045;56.190000000;100;9428280129;B
20240118;103045;56.195000000;400;9428280130;B
20240118;103046;56.190000000;500;9428280265;B
20240118;103048;56.190000000;400;9428280580;S
20240118;103110;56.185000000;100;9428282881;B
20240118;103113;56.180000000;100;9428283138;S
20240118;103116;56.185000000;100;9428283333;B
20240118;103122;56.185000000;500;9428283843;B
20240118;103122;56.180000000;1000;9428283866;S
20240118;103123;56.185000000;500;9428283933;B
20240118;103127;56.185000000;500;9428284218;B
20240118;103128;56.185000000;500;9428284347;B
20240118;103128;56.185000000;100;9428284348;B
20240118;103129;56.175000000;100;9428284380;S
20240118;103129;56.175000000;100;9428284381;S
20240118;103129;56.175000000;1200;9428284382;S
20240118;103134;56.185000000;500;9428284798;B
20240118;103135;56.185000000;500;9428284931;B
20240118;103137;56.185000000;500;9428285238;B
20240118;103139;56.185000000;200;9428285707;B
20240118;103139;56.190000000;300;9428285708;B
20240118;103151;56.185000000;100;9428286753;B
20240118;103151;56.175000000;100;9428286754;S
20240118;103151;56.170000000;100;9428286755;S
20240118;103156;56.185000000;500;9428287079;B
20240118;103156;56.170000000;900;9428287155;S
20240118;103156;56.170000000;100;9428287156;S
20240118;103156;56.170000000;200;9428287157;S
20240118;103156;56.165000000;200;9428287158;S
20240118;103156;56.165000000;2200;9428287159;S
20240118;103156;56.165000000;100;9428287160;S
20240118;103156;56.165000000;1800;9428287161;S
20240118;103156;56.160000000;300;9428287162;S
20240118;103156;56.160000000;100;9428287163;S
20240118;103156;56.160000000;1300;9428287164;S
20240118;103156;56.160000000;1600;9428287165;S
20240118;103156;56.160000000;5000;9428287166;S
20240118;103156;56.160000000;100;9428287167;S
20240118;103156;56.160000000;2000;9428287168;S
20240118;103156;56.155000000;200;9428287169;S
20240118;103156;56.155000000;300;9428287170;S
20240118;103156;56.155000000;2200;9428287171;S
20240118;103156;56.155000000;2000;9428287172;S
20240118;103156;56.155000000;500;9428287173;S
20240118;103156;56.155000000;1400;9428287174;S
20240118;103156;56.155000000;6600;9428287175;S
20240118;103156;56.155000000;100;9428287176;S
20240118;103156;56.150000000;100;9428287177;S
20240118;103156;56.150000000;16000;9428287178;S
20240118;103156;56.150000000;1000;9428287179;S
20240118;103156;56.150000000;100;9428287180;S
20240118;103156;56.150000000;100;9428287181;S
20240118;103156;56.150000000;500;9428287182;S
20240118;103156;56.150000000;100;9428287183;S
20240118;103156;56.150000000;2500;9428287184;S
20240118;103156;56.150000000;2000;9428287185;S
20240118;103156;56.150000000;1100;9428287186;S
20240118;103156;56.150000000;100;9428287187;S
20240118;103156;56.150000000;2000;9428287188;S
20240118;103156;56.150000000;1400;9428287189;S
20240118;103156;56.150000000;400;9428287190;S
20240118;103156;56.150000000;33800;9428287191;S
20240118;103157;56.180000000;100;9428287267;B
20240118;103157;56.180000000;100;9428287268;B
20240118;103201;56.180000000;1800;9428287675;B
20240118;103201;56.185000000;400;9428287676;B
20240118;103202;56.185000000;500;9428287725;B
20240118;103207;56.185000000;100;9428288125;B
20240118;103208;56.185000000;100;9428288257;B
20240118;103215;56.185000000;100;9428288947;B
20240118;103218;56.170000000;100;9428289165;S
20240118;103221;56.185000000;100;9428289562;B
20240118;103223;56.185000000;1000;9428289711;B
20240118;103224;56.185000000;800;9428289767;B
20240118;103224;56.185000000;100;9428289768;B
20240118;103225;56.190000000;500;9428289808;B
20240118;103228;56.185000000;600;9428290083;S
20240118;103228;56.180000000;100;9428290084;S
20240118;103231;56.180000000;1300;9428290362;B
20240118;103232;56.180000000;500;9428290436;S
20240118;103234;56.180000000;200;9428290594;S
20240118;103234;56.180000000;100;9428290595;S
20240118;103234;56.180000000;1400;9428290596;S
20240118;103239;56.190000000;300;9428291216;B
20240118;103244;56.190000000;200;9428291655;B
20240118;103247;56.190000000;7100;9428291888;B
20240118;103247;56.190000000;2000;9428291889;B
20240118;103303;56.195000000;2700;9428292991;B
20240118;103303;56.195000000;3000;9428292992;B
20240118;103303;56.200000000;100;9428292994;B
20240118;103315;56.210000000;100;9428294180;B
20240118;103315;56.210000000;100;9428294181;B
20240118;103315;56.210000000;100;9428294218;B
20240118;103323;56.215000000;100;9428294804;B
20240118;103326;56.210000000;100;9428295066;S
20240118;103326;56.205000000;1800;9428295067;S
20240118;103326;56.200000000;5000;9428295068;S
20240118;103326;56.200000000;100;9428295069;S
20240118;103326;56.200000000;400;9428295070;S
20240118;103336;56.215000000;300;9428295797;B
20240118;103337;56.205000000;100;9428295850;S
20240118;103337;56.200000000;200;9428295851;S
20240118;103344;56.200000000;300;9428296349;S
20240118;103346;56.215000000;100;9428296466;B
20240118;103358;56.200000000;100;9428297596;S
20240118;103403;56.215000000;300;9428297967;B
20240118;103418;56.215000000;100;9428298982;B
20240118;103419;56.215000000;100;9428299122;B
20240118;103426;56.215000000;100;9428299695;B
20240118;103432;56.215000000;100;9428300226;B
20240118;103434;56.215000000;500;9428300869;B
20240118;103438;56.215000000;100;9428301206;B
20240118;103441;56.215000000;200;9428301556;B
20240118;103454;56.210000000;100;9428302755;B
20240118;103459;56.210000000;200;9428303309;B
20240118;103501;56.215000000;200;9428303629;B
20240118;103507;56.215000000;100;9428303998;B
20240118;103508;56.215000000;200;9428304073;B
20240118;103516;56.215000000;7000;9428305106;B
20240118;103516;56.215000000;200;9428305107;B
20240118;103516;56.215000000;2000;9428305108;B
20240118;103516;56.220000000;2500;9428305109;B
20240118;103516;56.220000000;10800;9428305110;B
20240118;103516;56.220000000;300;9428305111;B
20240118;103520;56.215000000;100;9428305795;B
20240118;103520;56.215000000;1900;9428305816;B
20240118;103521;56.220000000;600;9428305913;B
20240118;103523;56.220000000;300;9428306611;B
20240118;103531;56.220000000;200;9428308336;B
20240118;103532;56.215000000;100;9428308578;S
20240118;103541;56.215000000;100;9428310425;S
20240118;103543;56.215000000;100;9428310751;S
20240118;103544;56.220000000;500;9428311015;B
20240118;103550;56.220000000;7600;9428312191;B
20240118;103557;56.220000000;2000;9428313320;B
20240118;103559;56.220000000;10000;9428313578;B
20240118;103559;56.220000000;1000;9428313600;B
20240118;103600;56.220000000;1500;9428313642;B
20240118;103600;56.220000000;500;9428313644;B
20240118;103611;56.220000000;5000;9428315519;B
20240118;103618;56.220000000;500;9428316303;B
20240118;103620;56.220000000;10000;9428316466;B
20240118;103623;56.220000000;10000;9428316924;B
20240118;103624;56.220000000;200;9428317053;B
20240118;103629;56.220000000;100;9428317527;B
20240118;103629;56.220000000;100;9428317621;B
20240118;103643;56.215000000;100;9428319363;S
20240118;103658;56.220000000;100;9428321303;B
20240118;103659;56.220000000;400;9428321332;B
20240118;103708;56.220000000;200;9428322432;B
20240118;103716;56.220000000;100;9428323624;B
20240118;103729;56.215000000;200;9428325300;S
20240118;103735;56.215000000;800;9428326300;S
20240118;103735;56.215000000;100;9428326301;S
20240118;103736;56.210000000;100;9428326501;S
20240118;103739;56.215000000;200;9428326745;B
20240118;103744;56.215000000;100;9428327564;B
20240118;103744;56.215000000;1800;9428327565;B
20240118;103744;56.215000000;500;9428327566;B
20240118;103744;56.215000000;100;9428327567;B
20240118;103746;56.215000000;200;9428327897;S
20240118;103751;56.220000000;100;9428328679;B
20240118;103758;56.220000000;200;9428329670;B
20240118;103805;56.215000000;2100;9428330769;S
20240118;103806;56.220000000;100;9428330879;B
20240118;103806;56.220000000;100;9428330904;B
20240118;103806;56.220000000;100;9428330912;B
20240118;103806;56.220000000;100;9428330914;B
20240118;103806;56.220000000;100;9428330929;B
20240118;103825;56.220000000;200;9428333645;B
20240118;103834;56.215000000;3900;9428335025;S
20240118;103834;56.215000000;1600;9428335026;S
20240118;103834;56.215000000;1700;9428335027;S
20240118;103837;56.220000000;100;9428335360;B
20240118;103843;56.215000000;100;9428336257;S
20240118;103843;56.215000000;100;9428336258;S
20240118;103844;56.215000000;100;9428336388;S
20240118;103844;56.220000000;1000;9428336436;B
20240118;103854;56.220000000;1900;9428338072;B
20240118;103857;56.215000000;1000;9428338669;S
20240118;103905;56.220000000;100;9428339986;B
20240118;103912;56.220000000;100;9428340886;B
20240118;103912;56.220000000;100;9428340887;B
20240118;103912;56.220000000;100;9428340888;B
20240118;103919;56.220000000;100;9428341879;B
20240118;103925;56.220000000;100;9428342659;B
20240118;103933;56.220000000;200;9428344145;B
20240118;103934;56.220000000;100;9428344268;B
20240118;103942;56.220000000;300;9428345401;B
20240118;103942;56.220000000;100;9428345422;B
20240118;103944;56.220000000;500;9428345564;B
20240118;103944;56.220000000;100;9428345666;B
20240118;103952;56.215000000;100;9428346365;S
20240118;103955;56.220000000;100;9428346691;B
20240118;104001;56.220000000;7800;9428347463;B
20240118;104001;56.220000000;600;9428347464;B
20240118;104001;56.220000000;100;9428347465;B
20240118;104001;56.220000000;100;9428347466;B
20240118;104001;56.220000000;1000;9428347467;B
20240118;104001;56.220000000;400;9428347468;B
20240118;104008;56.215000000;300;9428348222;S
20240118;104012;56.215000000;1000;9428348971;S
20240118;104014;56.220000000;4900;9428349201;B
20240118;104014;56.220000000;100;9428349202;B
20240118;104020;56.220000000;100;9428349985;B
20240118;104028;56.215000000;5300;9428351149;S
20240118;104028;56.215000000;17300;9428351150;S
20240118;104028;56.215000000;100;9428351151;S
20240118;104028;56.215000000;200;9428351152;S
20240118;104028;56.210000000;2100;9428351153;S
20240118;104039;56.210000000;300;9428352943;S
20240118;104051;56.215000000;500;9428354543;B
20240118;104107;56.210000000;800;9428356574;S
20240118;104125;56.215000000;100;9428359000;B
20240118;104127;56.215000000;100;9428359224;B
20240118;104128;56.215000000;100;9428359322;B
20240118;104129;56.215000000;100;9428359514;B
20240118;104129;56.210000000;300;9428359664;S
20240118;104130;56.210000000;4000;9428359674;S
20240118;104132;56.210000000;100;9428359889;S
20240118;104132;56.215000000;100;9428359941;B
20240118;104134;56.215000000;100;9428360099;B
20240118;104140;56.215000000;100;9428360935;B
20240118;104156;56.215000000;200;9428363068;B
20240118;104204;56.210000000;100;9428364456;S
20240118;104209;56.215000000;100;9428365130;B
20240118;104210;56.210000000;100;9428365147;S
20240118;104225;56.210000000;2100;9428367198;S
20240118;104225;56.210000000;2900;9428367199;S
20240118;104228;56.210000000;100;9428367620;S
20240118;104238;56.215000000;400;9428368876;B
20240118;104238;56.215000000;1800;9428368877;B
20240118;104238;56.215000000;1400;9428368878;B
20240118;104258;56.220000000;18400;9428371038;B
20240118;104258;56.220000000;200;9428371039;B
20240118;104258;56.220000000;1400;9428371040;B
20240118;104313;56.220000000;500;9428372714;B
20240118;104314;56.215000000;100;9428372820;S
20240118;104327;56.215000000;200;9428374139;S
20240118;104331;56.220000000;100;9428374418;B
20240118;104337;56.215000000;4000;9428375009;S
20240118;104350;56.215000000;500;9428376343;S
20240118;104356;56.220000000;100;9428376925;B
20240118;104415;56.215000000;1600;9428378877;S
20240118;104415;56.215000000;1400;9428378878;S
20240118;104415;56.215000000;500;9428378879;S
20240118;104418;56.220000000;900;9428379369;B
20240118;104418;56.220000000;100;9428379370;B
20240118;104419;56.215000000;100;9428379460;S
20240118;104420;56.220000000;200;9428379525;B
20240118;104434;56.220000000;100;9428381298;B
20240118;104440;56.220000000;500;9428381895;B
20240118;104500;56.220000000;100;9428383860;B
20240118;104501;56.215000000;100;9428383957;S
20240118;104506;56.220000000;100;9428384373;B
20240118;104511;56.215000000;100;9428385035;S
20240118;104516;56.220000000;300;9428385580;B
20240118;104525;56.215000000;9200;9428386489;S
20240118;104525;56.210000000;1800;9428386490;S
20240118;104536;56.210000000;100;9428387864;S
20240118;104542;56.215000000;100;9428388499;B
20240118;104545;56.210000000;1200;9428388929;S
20240118;104546;56.210000000;1200;9428388995;S
20240118;104553;56.210000000;1500;9428389649;S
20240118;104556;56.215000000;1700;9428389956;B
20240118;104556;56.215000000;200;9428389957;B
20240118;104556;56.215000000;200;9428389958;B
20240118;104556;56.215000000;7500;9428389959;B
20240118;104609;56.215000000;400;9428391829;S
20240118;104609;56.215000000;500;9428391830;S
20240118;104609;56.210000000;1200;9428391831;S
20240118;104609;56.210000000;10500;9428391832;S
20240118;104609;56.210000000;4000;9428391833;S
20240118;104609;56.210000000;100;9428391834;S
20240118;104609;56.210000000;100;9428391835;S
20240118;104609;56.210000000;100;9428391836;S
20240118;104609;56.210000000;100;9428391837;S
20240118;104609;56.210000000;100;9428391838;S
20240118;104614;56.215000000;500;9428392408;B
20240118;104625;56.215000000;1000;9428393704;B
20240118;104626;56.215000000;200;9428393796;B
20240118;104626;56.215000000;1200;9428393797;B
20240118;104626;56.215000000;1400;9428393798;B
20240118;104626;56.215000000;1000;9428393799;B
20240118;104626;56.220000000;5000;9428393800;B
20240118;104630;56.210000000;700;9428394392;S
20240118;104635;56.210000000;400;9428395033;S
20240118;104637;56.215000000;100;9428395447;B
20240118;104643;56.215000000;100;9428396093;B
20240118;104646;56.215000000;100;9428396350;B
20240118;104647;56.215000000;100;9428396512;B
20240118;104650;56.215000000;100;9428396771;B
20240118;104651;56.210000000;100;9428397052;S
20240118;104653;56.215000000;100;9428397313;B
20240118;104654;56.210000000;9000;9428397402;S
20240118;104654;56.210000000;100;9428397403;S
20240118;104654;56.210000000;500;9428397404;S
20240118;104654;56.210000000;400;9428397405;S
20240118;104709;56.210000000;100;9428399230;S
20240118;104718;56.210000000;1000;9428399971;S
20240118;104726;56.210000000;400;9428400752;S
20240118;104729;56.210000000;500;9428401074;S
20240118;104733;56.210000000;2500;9428401478;S
20240118;104739;56.210000000;2100;9428402139;S
20240118;104739;56.210000000;100;9428402224;S
20240118;104742;56.210000000;400;9428402421;S
20240118;104742;56.210000000;7200;9428402453;S
20240118;104742;56.210000000;100;9428402454;S
20240118;104742;56.210000000;500;9428402455;S
20240118;104743;56.215000000;100;9428402487;B
20240118;104745;56.210000000;500;9428402639;S
20240118;104745;56.215000000;100;9428402666;B
20240118;104750;56.215000000;100;9428403104;B
20240118;104752;56.215000000;1600;9428403304;B
20240118;104752;56.215000000;1500;9428403305;B
20240118;104752;56.220000000;3200;9428403306;B
20240118;104752;56.220000000;1400;9428403307;B
20240118;104752;56.220000000;2300;9428403308;B
20240118;104754;56.210000000;400;9428403433;S
20240118;104756;56.215000000;1800;9428403656;B
20240118;104759;56.215000000;200;9428404008;S
20240118;104759;56.210000000;200;9428404009;S
20240118;104812;56.220000000;100;9428405127;B
20240118;104824;56.220000000;100;9428406672;B
20240118;104825;56.220000000;1000;9428406763;B
20240118;104828;56.220000000;500;9428407076;B
20240118;104828;56.220000000;200;9428407077;B
20240118;104828;56.220000000;1100;9428407078;B
20240118;104831;56.215000000;300;9428407493;S
20240118;104831;56.215000000;300;9428407494;S
20240118;104832;56.220000000;600;9428407619;B
20240118;104835;56.215000000;100;9428407971;S
20240118;104836;56.215000000;100;9428408048;S
20240118;104839;56.215000000;1000;9428408356;S
20240118;104854;56.215000000;200;9428410300;S
20240118;104857;56.220000000;100;9428410661;B
20240118;104932;56.220000000;100;9428414604;B
20240118;104935;56.220000000;200;9428414969;B
20240118;104942;56.215000000;1600;9428415864;S
20240118;104942;56.215000000;100;9428415865;S
20240118;104942;56.215000000;100;9428415866;S
20240118;104942;56.215000000;200;9428415867;S
20240118;104945;56.220000000;2000;9428416104;B
20240118;104946;56.220000000;300;9428416154;B
20240118;104952;56.215000000;100;9428416814;S
20240118;104957;56.220000000;100;9428417298;B
20240118;105001;56.220000000;100;9428417659;B
20240118;105006;56.220000000;100;9428418244;B
20240118;105008;56.220000000;100;9428418502;B
20240118;105019;56.220000000;300;9428419744;B
20240118;105020;56.215000000;100;9428419896;S
20240118;105020;56.215000000;700;9428419897;S
20240118;105020;56.215000000;100;9428419898;S
20240118;105020;56.215000000;300;9428419899;S
20240118;105020;56.210000000;44400;9428419900;S
20240118;105020;56.210000000;100;9428419901;S
20240118;105020;56.210000000;4000;9428419902;S
20240118;105020;56.210000000;100;9428419903;S
20240118;105020;56.210000000;200;9428419904;S
20240118;105028;56.220000000;100;9428420821;B
20240118;105040;56.220000000;200;9428422369;B
20240118;105044;56.210000000;100;9428422955;S
20240118;105046;56.220000000;100;9428423200;B
20240118;105056;56.210000000;49800;9428424269;S
20240118;105056;56.210000000;200;9428424270;S
20240118;105108;56.210000000;100;9428425679;S
20240118;105115;56.215000000;100;9428426589;B
20240118;105117;56.210000000;200;9428426812;S
20240118;105121;56.220000000;100;9428427267;B
20240118;105122;56.210000000;49900;9428427351;S
20240118;105122;56.210000000;100;9428427352;S
20240118;105131;56.215000000;100;9428428298;B
20240118;105138;56.210000000;99900;9428429148;S
20240118;105138;56.210000000;100;9428429149;S
20240118;105142;56.210000000;100;9428429583;S
20240118;105144;56.210000000;100;9428429815;S
20240118;105153;56.210000000;500;9428430901;S
20240118;105154;56.210000000;100;9428431041;S
20240118;105155;56.215000000;100;9428431110;B
20240118;105200;56.210000000;100;9428431755;S
20240118;105200;56.210000000;200;9428431756;S
20240118;105200;56.210000000;8300;9428431757;S
20240118;105200;56.210000000;100;9428431758;S
20240118;105200;56.210000000;100;9428431759;S
20240118;105200;56.210000000;8500;9428431760;S
20240118;105200;56.210000000;8500;9428431761;S
20240118;105200;56.215000000;300;9428431801;B
20240118;105201;56.215000000;100;9428431859;B
20240118;105202;56.210000000;99900;9428431995;S
20240118;105202;56.210000000;100;9428431996;S
20240118;105202;56.210000000;3100;9428431997;S
20240118;105202;56.210000000;3100;9428431998;S
20240118;105202;56.210000000;3100;9428431999;S
20240118;105202;56.210000000;3800;9428432000;S
20240118;105202;56.210000000;3800;9428432001;S
20240118;105203;56.215000000;100;9428432159;B
20240118;105206;56.210000000;6200;9428432435;S
20240118;105206;56.210000000;100;9428432436;S
20240118;105206;56.210000000;100;9428432437;S
20240118;105206;56.210000000;6400;9428432438;S
20240118;105206;56.210000000;5400;9428432439;S
20240118;105206;56.210000000;100;9428432442;S
20240118;105211;56.210000000;100;9428432867;S
20240118;105211;56.205000000;100;9428432868;S
20240118;105211;56.205000000;200;9428432869;S
20240118;105211;56.200000000;500;9428432870;S
20240118;105211;56.215000000;100;9428432914;B
20240118;105216;56.215000000;100;9428433315;B
20240118;105229;56.215000000;100;9428434918;B
20240118;105235;56.210000000;100;9428435632;S
20240118;105235;56.205000000;100;9428435633;S
20240118;105237;56.210000000;100;9428435848;S
20240118;105237;56.205000000;200;9428435849;S
20240118;105237;56.205000000;2200;9428435850;S
20240118;105237;56.200000000;3700;9428435851;S
20240118;105237;56.200000000;300;9428435852;S
20240118;105237;56.200000000;100;9428435853;S
20240118;105237;56.195000000;200;9428435854;S
20240118;105237;56.195000000;200;9428435855;S
20240118;105237;56.195000000;10000;9428435856;S
20240118;105237;56.190000000;10900;9428435857;S
20240118;105237;56.190000000;2700;9428435858;S
20240118;105237;56.190000000;6600;9428435859;S
20240118;105237;56.190000000;100;9428435860;S
20240118;105238;56.180000000;100;9428435940;S
20240118;105239;56.180000000;300;9428435987;S
20240118;105239;56.180000000;100;9428435988;S
20240118;105239;56.180000000;2000;9428436008;B
20240118;105244;56.185000000;200;9428436515;B
20240118;105257;56.195000000;100;9428437994;B
20240118;105307;56.185000000;400;9428438868;S
20240118;105317;56.185000000;700;9428439879;S
20240118;105317;56.185000000;200;9428439880;S
20240118;105317;56.185000000;700;9428439881;S
20240118;105317;56.185000000;1800;9428439882;S
20240118;105324;56.185000000;200;9428440759;S
20240118;105324;56.185000000;500;9428440760;S
20240118;105325;56.190000000;100;9428440821;S
20240118;105337;56.200000000;1400;9428442011;B
20240118;105337;56.200000000;5000;9428442012;B
20240118;105337;56.200000000;1000;9428442013;B
20240118;105339;56.205000000;200;9428442273;B
20240118;105346;56.210000000;1400;9428442923;B
20240118;105359;56.215000000;100;9428443995;B
20240118;105401;56.205000000;900;9428444079;S
20240118;105401;56.200000000;12600;9428444080;S
20240118;105401;56.200000000;200;9428444081;S
20240118;105401;56.200000000;26300;9428444082;B
20240118;105406;56.210000000;100;9428444493;B
20240118;105411;56.195000000;300;9428444880;S
20240118;105411;56.195000000;200;9428444881;S
20240118;105411;56.195000000;100;9428444882;S
20240118;105422;56.190000000;300;9428446117;S
20240118;105422;56.190000000;1200;9428446118;S
20240118;105422;56.185000000;8500;9428446119;S
20240118;105423;56.210000000;1000;9428446274;B
20240118;105423;56.210000000;100;9428446275;B
20240118;105423;56.210000000;1400;9428446276;B
20240118;105423;56.210000000;200;9428446277;B
20240118;105423;56.215000000;1100;9428446278;B
20240118;105448;56.210000000;100;9428448544;B
20240118;105453;56.190000000;100;9428449011;S
20240118;105453;56.185000000;11500;9428449012;S
20240118;105453;56.185000000;1900;9428449013;S
20240118;105453;56.185000000;1000;9428449014;S
20240118;105453;56.185000000;200;9428449015;S
20240118;105453;56.180000000;3400;9428449016;S
20240118;105454;56.185000000;2100;9428449081;S
20240118;105454;56.180000000;78700;9428449082;S
20240118;105454;56.180000000;200;9428449083;S
20240118;105454;56.180000000;100;9428449084;S
20240118;105455;56.175000000;100;9428449137;S
20240118;105455;56.175000000;5400;9428449138;S
20240118;105500;56.175000000;4600;9428449548;S
20240118;105500;56.170000000;100;9428449549;S
20240118;105500;56.170000000;200;9428449550;S
20240118;105500;56.165000000;4000;9428449551;S
20240118;105500;56.160000000;1100;9428449552;S
20240118;105501;56.175000000;200;9428449603;B
20240118;105501;56.175000000;300;9428449604;B
20240118;105504;56.160000000;2000;9428450127;S
20240118;105510;56.160000000;6900;9428450740;S
20240118;105510;56.160000000;1000;9428450741;S
20240118;105510;56.155000000;100;9428450742;S
20240118;105510;56.155000000;2200;9428450743;S
20240118;105510;56.155000000;200;9428450744;S
20240118;105510;56.150000000;19100;9428450745;S
20240118;105510;56.150000000;2000;9428450746;S
20240118;105510;56.150000000;300;9428450747;S
20240118;105510;56.150000000;3800;9428450748;S
20240118;105510;56.150000000;1000;9428450749;B
20240118;105510;56.150000000;1000;9428450750;B
20240118;105516;56.150000000;12400;9428451372;B
20240118;105516;56.155000000;200;9428451373;B
20240118;105517;56.170000000;100;9428451485;B
20240118;105518;56.170000000;100;9428451513;B
20240118;105518;56.165000000;500;9428451531;S
20240118;105522;56.170000000;100;9428451815;B
20240118;105532;56.165000000;200;9428452667;S
20240118;105532;56.170000000;100;9428452720;B
20240118;105534;56.170000000;100;9428452938;B
20240118;105534;56.170000000;900;9428453073;B
20240118;105534;56.175000000;800;9428453074;B
20240118;105543;56.165000000;300;9428453950;S
20240118;105543;56.165000000;1000;9428453951;S
20240118;105543;56.160000000;200;9428453952;S
20240118;105543;56.155000000;7400;9428453953;S
20240118;105552;56.145000000;200;9428454691;S
20240118;105557;56.150000000;100;9428455091;B
20240118;105609;56.150000000;2500;9428456138;B
20240118;105616;56.145000000;300;9428457062;S
20240118;105616;56.145000000;200;9428457063;S
20240118;105616;56.150000000;500;9428457077;B
20240118;105618;56.150000000;500;9428457269;B
20240118;105619;56.145000000;100;9428457323;S
20240118;105621;56.150000000;100;9428457460;B
20240118;105623;56.150000000;500;9428457724;B
20240118;105623;56.145000000;200;9428457911;S
20240118;105625;56.150000000;100;9428458212;B
20240118;105628;56.150000000;500;9428458453;B
20240118;105630;56.150000000;500;9428458679;B
20240118;105631;56.150000000;100;9428458789;B
20240118;105637;56.150000000;35700;9428459502;B
20240118;105637;56.150000000;200;9428459503;B
20240118;105637;56.150000000;8500;9428459504;B
20240118;105639;56.170000000;500;9428459730;B
20240118;105647;56.170000000;100;9428460496;B
20240118;105653;56.160000000;200;9428461162;S
20240118;105653;56.155000000;300;9428461163;S
20240118;105653;56.155000000;200;9428461164;S
20240118;105653;56.155000000;1500;9428461253;S
20240118;105653;56.155000000;500;9428461254;S
20240118;105654;56.160000000;300;9428461332;B
20240118;105658;56.170000000;800;9428461747;B
20240118;105658;56.175000000;400;9428461748;B
20240118;105714;56.175000000;100;9428463829;B
20240118;105722;56.160000000;200;9428464683;S
20240118;105725;56.175000000;500;9428465275;B
20240118;105730;56.175000000;200;9428465716;B
20240118;105730;56.180000000;18900;9428465717;B
20240118;105730;56.180000000;7500;9428465718;B
20240118;105730;56.185000000;100;9428465719;B
20240118;105730;56.185000000;200;9428465720;B
20240118;105730;56.190000000;200;9428465721;B
20240118;105730;56.195000000;7500;9428465722;B
20240118;105734;56.215000000;2800;9428466024;B
20240118;105734;56.215000000;200;9428466025;B
20240118;105743;56.215000000;2000;9428466905;B
20240118;105749;56.215000000;7800;9428467428;B
20240118;105749;56.215000000;2200;9428467429;B
20240118;105752;56.190000000;100;9428467864;S
20240118;105754;56.215000000;100;9428468060;B
20240118;105756;56.215000000;5200;9428468148;B
20240118;105756;56.220000000;3000;9428468149;B
20240118;105757;56.220000000;1400;9428468286;B
20240118;105800;56.220000000;10000;9428468650;B
20240118;105800;56.220000000;4700;9428468651;B
20240118;105810;56.220000000;100;9428469736;B
20240118;105815;56.220000000;200;9428470373;B
20240118;105835;56.220000000;200;9428472496;B
20240118;105848;56.220000000;100;9428473988;B
20240118;105859;56.220000000;3000;9428475246;B
20240118;105915;56.215000000;200;9428477031;S
20240118;105915;56.215000000;200;9428477032;S
20240118;105915;56.215000000;200;9428477033;S
20240118;105917;56.215000000;100;9428477308;B
20240118;105920;56.210000000;1000;9428477632;S
20240118;105920;56.210000000;300;9428477633;S
20240118;105925;56.215000000;100;9428478142;B
20240118;105927;56.215000000;600;9428478373;B
20240118;105928;56.215000000;100;9428478627;B
20240118;105928;56.210000000;100;9428478634;S
20240118;105929;56.215000000;6400;9428478732;B
20240118;105934;56.210000000;200;9428479342;S
20240118;105935;56.215000000;6900;9428479627;B
20240118;105936;56.215000000;100;9428479690;B
20240118;105937;56.215000000;100;9428479818;B
20240118;105937;56.215000000;100;9428479833;B
20240118;105937;56.215000000;100;9428479834;B
20240118;105945;56.215000000;1000;9428480874;B
20240118;105952;56.215000000;200;9428481661;B
20240118;105957;56.210000000;200;9428482266;S
20240118;105957;56.215000000;200;9428482267;B
20240118;110007;56.215000000;2700;9428483467;B
20240118;110017;56.210000000;1000;9428485405;S
20240118;110023;56.215000000;100;9428486400;B
20240118;110025;56.210000000;100;9428486885;S
20240118;110028;56.210000000;300;9428487629;S
20240118;110030;56.215000000;6300;9428487893;B
20240118;110034;56.215000000;23400;9428488627;B
20240118;110034;56.215000000;900;9428488629;B
20240118;110037;56.210000000;100;9428488915;S
20240118;110046;56.215000000;100;9428490265;B
20240118;110046;56.215000000;100;9428490296;B
20240118;110109;56.210000000;200;9428493947;S
20240118;110122;56.215000000;1500;9428496080;B
20240118;110122;56.210000000;100;9428496114;S
20240118;110126;56.215000000;300;9428496815;B
20240118;110126;56.215000000;700;9428496816;B
20240118;110127;56.215000000;200;9428496981;B
20240118;110143;56.210000000;1000;9428499532;S
20240118;110211;56.215000000;1100;9428503511;B
20240118;110221;56.215000000;100;9428504853;B
20240118;110221;56.210000000;1000;9428504869;S
20240118;110221;56.215000000;200;9428504870;B
20240118;110235;56.215000000;2000;9428506238;B
20240118;110241;56.215000000;200;9428507090;B
20240118;110243;56.215000000;100;9428507239;B
20240118;110249;56.215000000;100;9428508105;B
20240118;110318;56.215000000;1000;9428511684;B
20240118;110323;56.210000000;100;9428512352;S
20240118;110337;56.215000000;200;9428513957;B
20240118;110341;56.215000000;100;9428514532;B
20240118;110343;56.215000000;100;9428514698;B
20240118;110343;56.215000000;100;9428514806;B
20240118;110345;56.215000000;1000;9428515021;B
20240118;110345;56.215000000;100;9428515022;B
20240118;110352;56.215000000;1000;9428515849;B
20240118;110404;56.210000000;100;9428517486;S
20240118;110409;56.215000000;200;9428518061;B
20240118;110423;56.215000000;400;9428519918;B
20240118;110423;56.215000000;400;9428519919;B
20240118;110428;56.215000000;1600;9428520548;B
20240118;110436;56.215000000;400;9428521835;B
20240118;110437;56.215000000;600;9428521900;B
20240118;110442;56.215000000;100;9428522472;B
20240118;110452;56.215000000;1000;9428523767;B
20240118;110455;56.210000000;500;9428524160;S
20240118;110503;56.215000000;800;9428524910;B
20240118;110507;56.215000000;100;9428525414;B
20240118;110507;56.215000000;100;9428525452;B
20240118;110508;56.215000000;400;9428525680;B
20240118;110517;56.215000000;200;9428526821;B
20240118;110520;56.215000000;2300;9428527293;B
20240118;110520;56.215000000;5000;9428527294;B
20240118;110521;56.215000000;100;9428527380;B
20240118;110525;56.215000000;200;9428528194;B
20240118;110526;56.215000000;200;9428528241;B
20240118;110538;56.215000000;500;9428529873;B
20240118;110541;56.215000000;1000;9428530173;B
20240118;110544;56.215000000;500;9428530550;B
20240118;110555;56.215000000;900;9428532121;B
20240118;110556;56.215000000;3500;9428532169;B
20240118;110556;56.215000000;15600;9428532170;B
20240118;110556;56.215000000;100;9428532227;B
20240118;110556;56.215000000;100;9428532288;B
20240118;110557;56.215000000;1700;9428532342;B
20240118;110557;56.215000000;400;9428532343;B
20240118;110559;56.215000000;500;9428532489;B
20240118;110559;56.215000000;100;9428532559;B
20240118;110600;56.215000000;100;9428532612;B
20240118;110601;56.215000000;2600;9428532695;B
20240118;110601;56.215000000;400;9428532696;B
20240118;110601;56.215000000;100;9428532697;B
20240118;110601;56.215000000;100;9428532860;B
20240118;110601;56.215000000;800;9428532861;B
20240118;110602;56.215000000;1500;9428532937;B
20240118;110603;56.215000000;400;9428533593;B
20240118;110603;56.215000000;1900;9428533594;B
20240118;110604;56.215000000;500;9428533922;B
20240118;110604;56.215000000;200;9428533923;B
20240118;110608;56.215000000;300;9428534684;B
20240118;110610;56.215000000;900;9428535031;B
20240118;110618;56.215000000;1000;9428535963;B
20240118;110618;56.215000000;400;9428535964;B
20240118;110618;56.220000000;200;9428535965;B
20240118;110618;56.220000000;200;9428535974;B
20240118;110618;56.220000000;200;9428535975;B
20240118;110619;56.215000000;1800;9428536041;S
20240118;110619;56.215000000;300;9428536042;S
20240118;110619;56.215000000;1900;9428536043;S
20240118;110619;56.210000000;1700;9428536044;S
20240118;110619;56.210000000;500;9428536045;S
20240118;110619;56.210000000;500;9428536046;S
20240118;110619;56.210000000;5000;9428536047;S
20240118;110619;56.200000000;2000;9428536048;S
20240118;110619;56.200000000;500;9428536049;S
20240118;110619;56.200000000;5000;9428536050;S
20240118;110619;56.200000000;2000;9428536051;S
20240118;110619;56.200000000;100;9428536052;S
20240118;110619;56.190000000;200;9428536053;S
20240118;110619;56.190000000;100;9428536054;S
20240118;110619;56.190000000;2000;9428536055;S
20240118;110619;56.190000000;10000;9428536056;S
20240118;110619;56.185000000;15000;9428536057;S
20240118;110619;56.185000000;1400;9428536058;S
20240118;110619;56.185000000;100;9428536059;S
20240118;110619;56.185000000;1000;9428536060;S
20240118;110619;56.180000000;73400;9428536061;S
20240118;110619;56.180000000;100;9428536062;S
20240118;110619;56.180000000;1400;9428536063;S
20240118;110619;56.180000000;2000;9428536064;S
20240118;110619;56.170000000;200;9428536084;S
20240118;110619;56.160000000;500;9428536085;S
20240118;110619;56.155000000;100;9428536086;S
20240118;110619;56.155000000;1700;9428536087;S
20240118;110619;56.150000000;3200;9428536100;S
20240118;110619;56.155000000;100;9428536136;B
20240118;110619;56.155000000;400;9428536137;B
20240118;110619;56.155000000;100;9428536140;B
20240118;110620;56.150000000;2400;9428536175;S
20240118;110620;56.150000000;100;9428536176;S
20240118;110620;56.150000000;200;9428536177;S
20240118;110629;56.175000000;900;9428537417;B
20240118;110643;56.160000000;300;9428539166;S
20240118;110643;56.155000000;300;9428539167;S
20240118;110643;56.175000000;100;9428539234;B
20240118;110648;56.155000000;1000;9428539980;S
20240118;110708;56.175000000;100;9428542611;B
20240118;110712;56.175000000;100;9428543040;B
20240118;110719;56.175000000;2000;9428544008;B
20240118;110721;56.180000000;300;9428544318;B
20240118;110733;56.180000000;100;9428545889;B
20240118;110738;56.180000000;400;9428546561;B
20240118;110744;56.180000000;600;9428547120;B
20240118;110744;56.180000000;300;9428547176;B
20240118;110750;56.180000000;400;9428547882;B
20240118;110751;56.180000000;10200;9428548146;B
20240118;110751;56.180000000;400;9428548147;B
20240118;110751;56.180000000;6500;9428548148;B
20240118;110751;56.180000000;7400;9428548149;B
20240118;110752;56.180000000;400;9428548305;B
20240118;110754;56.180000000;400;9428548644;B
20240118;110756;56.180000000;100;9428548913;B
20240118;110756;56.180000000;300;9428548914;B
20240118;110757;56.180000000;400;9428549041;B
20240118;110804;56.180000000;300;9428549831;B
20240118;110804;56.180000000;4800;9428549832;B
20240118;110804;56.180000000;100;9428549833;B
20240118;110822;56.180000000;200;9428552202;B
20240118;110824;56.180000000;100;9428552438;B
20240118;110826;56.180000000;500;9428552651;B
20240118;110828;56.175000000;2900;9428552896;S
20240118;110829;56.180000000;900;9428553200;B
20240118;110830;56.180000000;1000;9428553297;B
20240118;110849;56.175000000;100;9428555674;S
20240118;110849;56.180000000;100;9428555726;B
20240118;110852;56.180000000;300;9428556003;B
20240118;110853;56.180000000;200;9428556151;B
20240118;110858;56.180000000;100;9428556723;B
20240118;110906;56.180000000;500;9428557983;B
20240118;110907;56.180000000;500;9428558101;B
20240118;110915;56.180000000;1000;9428559356;B
20240118;110916;56.175000000;300;9428559398;S
20240118;110919;56.175000000;400;9428559875;S
20240118;110919;56.180000000;200;9428559883;B
20240118;110928;56.180000000;100;9428560921;B
20240118;110943;56.180000000;2600;9428562681;B
20240118;110945;56.180000000;4300;9428562921;B
20240118;110958;56.180000000;8100;9428564529;B
20240118;111001;56.180000000;100;9428564792;B
20240118;111003;56.180000000;1500;9428565019;B
20240118;111006;56.180000000;200;9428565345;B
20240118;111007;56.180000000;200;9428565552;B
20240118;111014;56.175000000;1000;9428566254;S
20240118;111017;56.175000000;500;9428566634;S
20240118;111022;56.180000000;100;9428567281;B
20240118;111022;56.180000000;15800;9428567282;B
20240118;111022;56.180000000;100;9428567283;B
20240118;111022;56.180000000;4900;9428567284;B
20240118;111023;56.180000000;300;9428567335;B
20240118;111027;56.180000000;100;9428567823;B
20240118;111027;56.175000000;600;9428567969;S
20240118;111029;56.175000000;42200;9428568240;S
20240118;111029;56.175000000;1800;9428568241;S
20240118;111029;56.175000000;100;9428568242;S
20240118;111029;56.175000000;100;9428568243;S
20240118;111029;56.175000000;2500;9428568244;S
20240118;111038;56.180000000;200;9428569359;B
20240118;111040;56.180000000;200;9428569503;B
20240118;111043;56.180000000;200;9428569921;B
20240118;111101;56.180000000;100;9428571902;B
20240118;111101;56.180000000;4000;9428571903;B
20240118;111104;56.180000000;1800;9428572238;S
20240118;111104;56.180000000;400;9428572239;S
20240118;111104;56.175000000;2000;9428572240;S
20240118;111104;56.175000000;1400;9428572241;S
20240118;111104;56.175000000;100;9428572242;S
20240118;111104;56.170000000;100;9428572243;S
20240118;111104;56.170000000;1400;9428572244;S
20240118;111104;56.165000000;1400;9428572245;S
20240118;111104;56.165000000;1800;9428572246;S
20240118;111104;56.160000000;500;9428572247;S
20240118;111104;56.155000000;2000;9428572248;S
20240118;111104;56.150000000;3800;9428572249;S
20240118;111104;56.150000000;100;9428572250;S
20240118;111104;56.150000000;5000;9428572251;S
20240118;111104;56.145000000;1500;9428572252;S
20240118;111104;56.145000000;10000;9428572253;S
20240118;111104;56.145000000;2000;9428572254;S
20240118;111104;56.140000000;1400;9428572255;S
20240118;111104;56.140000000;200;9428572256;S
20240118;111104;56.140000000;2200;9428572257;S
20240118;111104;56.140000000;200;9428572258;S
20240118;111104;56.140000000;100;9428572259;S
20240118;111104;56.140000000;100;9428572260;S
20240118;111104;56.140000000;10000;9428572261;S
20240118;111104;56.140000000;100;9428572262;S
20240118;111104;56.140000000;16000;9428572263;S
20240118;111104;56.140000000;600;9428572264;S
20240118;111104;56.140000000;900;9428572265;B
20240118;111104;56.135000000;5000;9428572267;S
20240118;111104;56.140000000;500;9428572297;B
20240118;111105;56.140000000;800;9428572313;B
20240118;111105;56.140000000;100;9428572418;B
20240118;111106;56.140000000;100;9428572445;B
20240118;111108;56.140000000;300;9428572769;B
20240118;111110;56.140000000;500;9428573064;B
20240118;111114;56.135000000;100;9428573948;S
20240118;111114;56.140000000;100;9428573966;B
20240118;111121;56.140000000;100;9428574713;B
20240118;111137;56.140000000;200;9428576497;B
20240118;111142;56.140000000;500;9428577022;B
20240118;111143;56.140000000;200;9428577084;B
20240118;111143;56.140000000;200;9428577091;B
20240118;111144;56.135000000;10000;9428577242;S
20240118;111153;56.135000000;14900;9428578395;S
20240118;111153;56.135000000;200;9428578396;S
20240118;111153;56.135000000;500;9428578397;S
20240118;111153;56.135000000;100;9428578398;S
20240118;111153;56.135000000;1800;9428578399;S
20240118;111153;56.135000000;2000;9428578400;S
20240118;111159;56.130000000;200;9428578961;S
20240118;111159;56.130000000;3300;9428578962;S
20240118;111159;56.130000000;2000;9428578963;S
20240118;111159;56.130000000;100;9428578964;S
20240118;111159;56.130000000;100;9428578965;S
20240118;111159;56.130000000;100;9428578966;S
20240118;111159;56.130000000;400;9428578967;S
20240118;111159;56.130000000;100;9428578968;S
20240118;111159;56.130000000;400;9428578969;S
20240118;111205;56.130000000;500;9428579649;B
20240118;111216;56.130000000;600;9428580782;B
20240118;111216;56.130000000;1400;9428580838;B
20240118;111217;56.130000000;600;9428580852;S
20240118;111217;56.130000000;1800;9428580853;S
20240118;111220;56.125000000;5400;9428581151;S
20240118;111238;56.125000000;100;9428583614;S
20240118;111244;56.130000000;200;9428584179;B
20240118;111246;56.130000000;500;9428584378;B
20240118;111251;56.125000000;400;9428584883;S
20240118;111252;56.130000000;500;9428584981;B
20240118;111254;56.125000000;1800;9428585148;S
20240118;111254;56.125000000;100;9428585149;S
20240118;111254;56.125000000;500;9428585150;S
20240118;111254;56.125000000;1600;9428585151;S
20240118;111259;56.125000000;300;9428585602;S
20240118;111259;56.125000000;1000;9428585603;S
20240118;111259;56.125000000;3300;9428585604;S
20240118;111259;56.125000000;100;9428585605;S
20240118;111259;56.125000000;800;9428585606;S
20240118;111305;56.125000000;600;9428586080;S
20240118;111305;56.125000000;100;9428586081;S
20240118;111305;56.125000000;100;9428586082;S
20240118;111305;56.125000000;100;9428586083;S
20240118;111305;56.125000000;400;9428586084;S
20240118;111305;56.125000000;500;9428586085;S
20240118;111305;56.125000000;400;9428586086;S
20240118;111305;56.120000000;5000;9428586087;S
20240118;111305;56.120000000;100;9428586088;S
20240118;111305;56.120000000;500;9428586089;S
20240118;111305;56.120000000;400;9428586090;S
20240118;111305;56.120000000;2200;9428586091;S
20240118;111305;56.120000000;100;9428586092;S
20240118;111305;56.120000000;100;9428586093;S
20240118;111305;56.115000000;1500;9428586094;S
20240118;111305;56.115000000;1000;9428586095;S
20240118;111305;56.115000000;100;9428586096;S
20240118;111305;56.115000000;1400;9428586097;S
20240118;111305;56.115000000;800;9428586098;S
20240118;111305;56.115000000;20000;9428586099;S
20240118;111305;56.110000000;100;9428586100;S
20240118;111305;56.110000000;2200;9428586101;S
20240118;111305;56.110000000;2000;9428586102;S
20240118;111305;56.110000000;100;9428586103;S
20240118;111305;56.110000000;100;9428586104;S
20240118;111305;56.110000000;100;9428586105;S
20240118;111305;56.110000000;1400;9428586106;S
20240118;111305;56.105000000;100;9428586107;S
20240118;111305;56.105000000;100;9428586108;S
20240118;111305;56.105000000;2400;9428586109;S
20240118;111305;56.105000000;100;9428586110;S
20240118;111305;56.105000000;100;9428586111;S
20240118;111305;56.105000000;9100;9428586112;S
20240118;111305;56.105000000;1000;9428586113;S
20240118;111305;56.105000000;100;9428586114;S
20240118;111305;56.105000000;100;9428586115;S
20240118;111305;56.105000000;100;9428586116;S
20240118;111305;56.105000000;500;9428586117;S
20240118;111305;56.105000000;1400;9428586118;S
20240118;111305;56.100000000;100;9428586119;S
