<DATE>;<TIME>;<LAST>;<VOL>;<ID>;<OPER>
20240201;095940;56.700000000;100;9500979501;B
20240201;095940;56.700000000;100;9500979502;S
20240201;095940;56.700000000;1000;9500979503;S
20240201;095940;56.700000000;100;9500979504;S
20240201;095940;56.700000000;100;9500979505;S
20240201;095940;56.700000000;100;9500979506;B
20240201;095940;56.700000000;100;9500979507;B
20240201;095940;56.700000000;100;9500979508;B
20240201;095940;56.700000000;1000;9500979509;S
20240201;095940;56.700000000;100;9500979510;B
20240201;095940;56.700000000;100;9500979511;B
20240201;095940;56.700000000;100;9500979512;S
20240201;095940;56.700000000;900;9500979513;B
20240201;095940;56.700000000;100;9500979514;B
20240201;095940;56.700000000;100;9500979515;S
20240201;095940;56.700000000;200;9500979516;B
20240201;095940;56.700000000;1800;9500979517;B
20240201;095940;56.700000000;2000;9500979518;B
20240201;095940;56.700000000;1500;9500979519;B
20240201;095940;56.700000000;41500;9500979520;S
20240201;095940;56.700000000;200;9500979521;B
20240201;095940;56.700000000;3000;9500979522;B
20240201;095940;56.700000000;1000;9500979523;S
20240201;100000;56.700000000;800;9500984631;S
20240201;100000;56.720000000;1000;9500985133;B
20240201;100000;56.690000000;1700;9500985375;B
20240201;100001;56.680000000;200;9500985634;B
20240201;100004;56.680000000;500;9500988161;B
20240201;100004;56.640000000;200;9500988353;S
20240201;100004;56.640000000;200;9500988354;S
20240201;100005;56.670000000;100;9500988783;B
20240201;100005;56.670000000;200;9500988901;B
20240201;100005;56.670000000;100;9500989169;B
20240201;100006;56.670000000;100;9500990647;B
20240201;100006;56.670000000;200;9500990648;B
20240201;100006;56.670000000;100;9500990649;B
20240201;100007;56.680000000;500;9500991033;B
20240201;100007;56.680000000;100;9500991272;B
20240201;100007;56.680000000;100;9500991388;B
20240201;100007;56.680000000;200;9500991395;B
20240201;100010;56.680000000;300;9500991990;B
20240201;100010;56.680000000;100;9500992096;B
20240201;100010;56.685000000;500;9500992228;B
20240201;100010;56.685000000;300;9500992281;B
20240201;100011;56.655000000;200;9500992336;S
20240201;100011;56.655000000;100;9500992337;S
20240201;100011;56.650000000;2000;9500992338;S
20240201;100011;56.635000000;3600;9500992339;S
20240201;100011;56.630000000;3000;9500992340;S
20240201;100011;56.630000000;1400;9500992341;S
20240201;100011;56.630000000;800;9500992342;S
20240201;100011;56.630000000;1600;9500992343;S
20240201;100011;56.665000000;1400;9500992345;B
20240201;100011;56.670000000;200;9500992366;B
20240201;100011;56.670000000;100;9500992370;B
20240201;100011;56.670000000;200;9500992380;B
20240201;100011;56.680000000;700;9500992390;B
20240201;100011;56.680000000;100;9500992494;B
20240201;100011;56.680000000;200;9500992521;B
20240201;100011;56.680000000;200;9500992524;B
20240201;100011;56.680000000;100;9500992542;B
20240201;100011;56.680000000;700;9500992632;B
20240201;100011;56.685000000;600;9500992633;B
20240201;100011;56.690000000;300;9500992634;B
20240201;100011;56.690000000;100;9500992635;B
20240201;100011;56.690000000;1200;9500992636;B
20240201;100018;56.675000000;2000;9500994082;B
20240201;100018;56.680000000;400;9500994083;B
20240201;100018;56.685000000;1400;9500994084;B
20240201;100034;56.690000000;2000;9500997561;B
20240201;100034;56.690000000;1400;9500997562;B
20240201;100034;56.690000000;3600;9500997563;B
20240201;100034;56.690000000;100;9500997564;B
20240201;100036;56.690000000;800;9500997766;S
20240201;100036;56.695000000;300;9500997777;B
20240201;100037;56.695000000;100;9500997950;B
20240201;100049;56.695000000;300;9501000420;B
20240201;100053;56.690000000;2100;9501001233;S
20240201;100053;56.690000000;4500;9501001513;B
20240201;100053;56.690000000;2000;9501001514;B
20240201;100053;56.690000000;1400;9501001515;B
20240201;100054;56.690000000;1600;9501001572;S
20240201;100100;56.695000000;100;9501003254;B
20240201;100101;56.690000000;1100;9501003415;S
20240201;100108;56.690000000;1000;9501004750;S
20240201;100113;56.690000000;1000;9501005501;S
20240201;100115;56.690000000;5000;9501005692;S
20240201;100117;56.690000000;6100;9501006097;S
20240201;100118;56.690000000;100;9501006233;S
20240201;100119;56.690000000;100;9501006373;S
20240201;100122;56.690000000;26100;9501007086;S
20240201;100126;56.690000000;800;9501007783;B
20240201;100131;56.685000000;100;9501009482;S
20240201;100150;56.690000000;100;9501012407;B
20240201;100153;56.685000000;4000;9501012958;S
20240201;100153;56.685000000;500;9501012982;S
20240201;100154;56.685000000;1500;9501013049;S
20240201;100158;56.690000000;500;9501013826;B
20240201;100158;56.690000000;3600;9501013827;B
20240201;100158;56.690000000;200;9501013828;B
20240201;100158;56.690000000;100;9501013829;B
20240201;100158;56.690000000;4400;9501013830;B
20240201;100158;56.690000000;1200;9501013831;B
20240201;100159;56.685000000;100;9501014059;S
20240201;100159;56.660000000;1300;9501014060;S
20240201;100205;56.660000000;100;9501014889;S
20240201;100214;56.675000000;200;9501016543;B
20240201;100219;56.675000000;100;9501017179;B
20240201;100230;56.665000000;200;9501019434;S
20240201;100230;56.665000000;1400;9501019435;S
20240201;100237;56.660000000;1400;9501020387;S
20240201;100245;56.660000000;200;9501021716;S
20240201;100245;56.660000000;300;9501021717;S
20240201;100248;56.680000000;200;9501022185;B
20240201;100249;56.660000000;2000;9501022356;S
20240201;100250;56.660000000;700;9501022465;S
20240201;100250;56.660000000;100;9501022466;S
20240201;100250;56.660000000;100;9501022467;S
20240201;100250;56.645000000;2000;9501022468;S
20240201;100250;56.640000000;500;9501022469;S
20240201;100256;56.660000000;300;9501023139;B
20240201;100256;56.665000000;100;9501023140;B
20240201;100256;56.670000000;2600;9501023141;B
20240201;100258;56.640000000;3000;9501023523;S
20240201;100258;56.640000000;200;9501023524;S
20240201;100258;56.630000000;1400;9501023525;S
20240201;100258;56.625000000;200;9501023526;S
20240201;100306;56.635000000;1200;9501024474;S
20240201;100306;56.635000000;800;9501024475;S
20240201;100307;56.635000000;600;9501024608;S
20240201;100307;56.635000000;1000;9501024609;S
20240201;100313;56.650000000;200;9501025437;S
20240201;100313;56.650000000;1200;9501025438;S
20240201;100313;56.650000000;3000;9501025439;S
20240201;100313;56.645000000;1000;9501025440;S
20240201;100313;56.640000000;200;9501025441;S
20240201;100314;56.670000000;100;9501025824;B
20240201;100314;56.675000000;5500;9501025825;B
20240201;100314;56.680000000;300;9501025826;B
20240201;100314;56.680000000;1800;9501025827;B
20240201;100314;56.685000000;1100;9501025828;B
20240201;100314;56.690000000;100;9501026005;B
20240201;100314;56.695000000;2400;9501026006;B
20240201;100315;56.675000000;1800;9501026387;S
20240201;100315;56.695000000;5800;9501026432;B
20240201;100315;56.700000000;300;9501026473;B
20240201;100315;56.700000000;5000;9501026474;B
20240201;100315;56.700000000;400;9501026475;B
20240201;100315;56.700000000;1000;9501026476;B
20240201;100315;56.705000000;1000;9501026484;B
20240201;100315;56.710000000;400;9501026575;B
20240201;100315;56.710000000;5000;9501026576;B
20240201;100316;56.720000000;3300;9501026690;B
20240201;100316;56.725000000;1000;9501026784;B
20240201;100316;56.735000000;100;9501026785;B
20240201;100316;56.740000000;1400;9501026786;B
20240201;100316;56.745000000;500;9501026787;B
20240201;100316;56.745000000;1400;9501026788;B
20240201;100316;56.745000000;200;9501026789;B
20240201;100316;56.750000000;900;9501026790;B
20240201;100316;56.750000000;100;9501026791;B
20240201;100316;56.750000000;100;9501026792;B
20240201;100316;56.750000000;1000;9501026793;B
20240201;100316;56.750000000;1400;9501026794;B
20240201;100316;56.755000000;500;9501026795;B
20240201;100317;56.760000000;500;9501026827;B
20240201;100317;56.760000000;100;9501026863;S
20240201;100317;56.765000000;500;9501026906;B
20240201;100317;56.770000000;1500;9501026907;B
20240201;100317;56.760000000;600;9501026934;S
20240201;100319;56.765000000;900;9501027208;B
20240201;100319;56.765000000;100;9501027209;B
20240201;100319;56.765000000;100;9501027300;B
20240201;100322;56.755000000;9000;9501027659;S
20240201;100322;56.755000000;300;9501027660;S
20240201;100322;56.755000000;1500;9501027661;S
20240201;100322;56.755000000;3000;9501027662;S
20240201;100323;56.760000000;400;9501027801;B
20240201;100323;56.760000000;1400;9501027802;B
20240201;100323;56.760000000;5300;9501027803;B
20240201;100323;56.765000000;2300;9501027804;B
20240201;100324;56.725000000;1000;9501027998;S
20240201;100330;56.725000000;1400;9501028920;S
20240201;100330;56.730000000;3300;9501028921;S
20240201;100334;56.760000000;100;9501029536;B
20240201;100337;56.740000000;100;9501029841;S
20240201;100337;56.740000000;3000;9501029842;S
20240201;100337;56.735000000;300;9501029843;S
20240201;100337;56.730000000;1700;9501029844;S
20240201;100337;56.725000000;100;9501029845;S
20240201;100337;56.720000000;1300;9501029846;S
20240201;100340;56.760000000;100;9501030464;B
20240201;100340;56.760000000;1000;9501030465;B
20240201;100341;56.765000000;3800;9501030638;B
20240201;100341;56.765000000;2500;9501030678;B
20240201;100341;56.770000000;500;9501030679;B
20240201;100342;56.765000000;1500;9501030754;S
20240201;100342;56.765000000;300;9501030755;S
20240201;100342;56.765000000;700;9501030756;S
20240201;100342;56.770000000;5000;9501030802;B
20240201;100342;56.770000000;1400;9501030803;B
20240201;100342;56.770000000;3300;9501030804;B
20240201;100343;56.780000000;400;9501030937;B
20240201;100344;56.780000000;200;9501031051;B
20240201;100344;56.780000000;100;9501031052;B
20240201;100347;56.780000000;3000;9501031546;B
20240201;100347;56.780000000;1900;9501031602;B
20240201;100348;56.785000000;500;9501031659;B
20240201;100348;56.790000000;500;9501031660;B
20240201;100348;56.790000000;800;9501031661;B
20240201;100348;56.795000000;1000;9501031662;B
20240201;100348;56.795000000;100;9501031663;B
20240201;100348;56.795000000;100;9501031664;B
20240201;100348;56.795000000;100;9501031665;B
20240201;100348;56.795000000;100;9501031666;B
20240201;100348;56.795000000;100;9501031667;B
20240201;100348;56.795000000;500;9501031668;B
20240201;100348;56.795000000;1200;9501031669;B
20240201;100348;56.795000000;200;9501031671;B
20240201;100348;56.795000000;300;9501031672;S
20240201;100348;56.790000000;1700;9501031720;S
20240201;100348;56.790000000;2700;9501031721;S
20240201;100348;56.795000000;1100;9501031734;B
20240201;100348;56.800000000;100;9501031735;B
20240201;100348;56.800000000;200;9501031736;B
20240201;100348;56.800000000;3600;9501031737;B
20240201;100348;56.800000000;4000;9501031806;B
20240201;100348;56.800000000;700;9501031880;B
20240201;100348;56.800000000;4000;9501032235;B
20240201;100349;56.800000000;100;9501032300;B
20240201;100349;56.800000000;5000;9501032322;B
20240201;100349;56.800000000;600;9501032467;B
20240201;100350;56.800000000;900;9501032783;B
20240201;100350;56.800000000;100;9501032784;B
20240201;100350;56.800000000;100;9501032785;B
20240201;100350;56.800000000;200;9501032786;B
20240201;100351;56.800000000;500;9501032971;B
20240201;100351;56.795000000;100;9501033047;S
20240201;100351;56.800000000;500;9501033122;B
20240201;100352;56.800000000;100;9501033292;B
20240201;100352;56.800000000;1400;9501033293;B
20240201;100352;56.800000000;100;9501033294;B
20240201;100352;56.800000000;400;9501033295;B
20240201;100352;56.795000000;100;9501033473;S
20240201;100352;56.795000000;200;9501033505;S
20240201;100352;56.795000000;200;9501033553;S
20240201;100352;56.790000000;600;9501033589;S
20240201;100352;56.790000000;200;9501033610;S
20240201;100352;56.790000000;300;9501033639;S
20240201;100352;56.790000000;900;9501033680;S
20240201;100352;56.790000000;400;9501033681;S
20240201;100352;56.785000000;300;9501033682;S
20240201;100353;56.790000000;600;9501033752;S
20240201;100353;56.790000000;2000;9501033946;S
20240201;100354;56.795000000;1400;9501034032;B
20240201;100354;56.795000000;300;9501034033;B
20240201;100354;56.795000000;400;9501034034;B
20240201;100354;56.800000000;100;9501034035;B
20240201;100355;56.795000000;1400;9501034200;B
20240201;100356;56.800000000;500;9501034340;B
20240201;100357;56.800000000;2500;9501034372;B
20240201;100357;56.800000000;600;9501034373;B
20240201;100357;56.800000000;2000;9501034374;B
20240201;100357;56.800000000;1400;9501034375;B
20240201;100357;56.800000000;500;9501034376;B
20240201;100357;56.805000000;13000;9501034377;B
20240201;100357;56.800000000;100;9501034524;B
20240201;100357;56.800000000;1000;9501034536;B
20240201;100357;56.800000000;100;9501034545;B
20240201;100358;56.800000000;200;9501034575;B
20240201;100358;56.805000000;500;9501034576;B
20240201;100358;56.795000000;400;9501034606;S
20240201;100358;56.795000000;100;9501034657;S
20240201;100358;56.795000000;3100;9501034749;S
20240201;100358;56.790000000;300;9501034750;S
20240201;100358;56.790000000;400;9501034751;S
20240201;100359;56.790000000;200;9501034814;S
20240201;100359;56.785000000;300;9501034815;S
20240201;100359;56.785000000;1200;9501034852;S
20240201;100359;56.785000000;200;9501034887;S
20240201;100400;56.780000000;1600;9501035111;S
20240201;100400;56.775000000;2000;9501035112;S
20240201;100400;56.775000000;1800;9501035113;S
20240201;100400;56.775000000;300;9501035114;S
20240201;100400;56.770000000;4300;9501035115;S
20240201;100401;56.795000000;300;9501035340;B
20240201;100401;56.800000000;100;9501035341;B
20240201;100404;56.770000000;300;9501035826;S
20240201;100404;56.770000000;800;9501035827;S
20240201;100404;56.765000000;2000;9501035828;S
20240201;100404;56.765000000;1000;9501035829;S
20240201;100404;56.795000000;300;9501035872;B
20240201;100404;56.795000000;200;9501035873;B
20240201;100408;56.795000000;300;9501036557;B
20240201;100408;56.795000000;100;9501036558;B
20240201;100408;56.800000000;1400;9501036559;B
20240201;100411;56.800000000;2000;9501036915;S
20240201;100412;56.805000000;500;9501037085;B
20240201;100413;56.805000000;400;9501037407;B
20240201;100414;56.800000000;600;9501037586;S
20240201;100414;56.805000000;200;9501037631;B
20240201;100416;56.800000000;5600;9501037953;S
20240201;100416;56.800000000;300;9501037954;S
20240201;100416;56.800000000;300;9501037955;S
20240201;100416;56.800000000;1000;9501037974;B
20240201;100416;56.800000000;2600;9501038126;B
20240201;100416;56.800000000;400;9501038127;B
20240201;100416;56.800000000;100;9501038128;B
20240201;100417;56.800000000;4800;9501038163;S
20240201;100417;56.805000000;1700;9501038205;B
20240201;100419;56.800000000;300;9501038612;S
20240201;100420;56.805000000;5200;9501038755;B
20240201;100420;56.805000000;100;9501038903;B
20240201;100422;56.800000000;1000;9501039409;S
20240201;100422;56.800000000;800;9501039452;S
20240201;100422;56.800000000;20000;9501039453;S
20240201;100422;56.800000000;400;9501039454;S
20240201;100423;56.790000000;300;9501039494;B
20240201;100423;56.795000000;200;9501039495;B
20240201;100423;56.795000000;500;9501039568;B
20240201;100427;56.765000000;200;9501040193;S
20240201;100429;56.770000000;100;9501040574;B
20240201;100429;56.770000000;4700;9501040639;B
20240201;100429;56.770000000;1000;9501040640;B
20240201;100429;56.780000000;300;9501040641;B
20240201;100429;56.790000000;600;9501040642;B
20240201;100429;56.795000000;2900;9501040643;B
20240201;100429;56.800000000;500;9501040644;B
20240201;100435;56.770000000;2400;9501041564;S
20240201;100435;56.765000000;4400;9501041565;S
20240201;100435;56.765000000;400;9501041566;S
20240201;100435;56.760000000;1400;9501041567;S
20240201;100437;56.755000000;100;9501042036;S
20240201;100444;56.770000000;2000;9501043142;S
20240201;100444;56.770000000;200;9501043143;S
20240201;100444;56.765000000;300;9501043144;S
20240201;100444;56.765000000;200;9501043145;S
20240201;100453;56.770000000;2000;9501044427;S
20240201;100453;56.770000000;4400;9501044428;S
20240201;100453;56.770000000;2000;9501044429;S
20240201;100453;56.770000000;500;9501044539;B
20240201;100455;56.770000000;200;9501044785;B
20240201;100456;56.770000000;1300;9501045063;B
20240201;100456;56.770000000;400;9501045064;B
20240201;100456;56.780000000;300;9501045065;B
20240201;100507;56.770000000;2000;9501046646;S
20240201;100507;56.765000000;1200;9501046647;S
20240201;100507;56.765000000;400;9501046648;S
20240201;100507;56.765000000;1400;9501046649;S
20240201;100519;56.760000000;1000;9501048591;S
20240201;100530;56.760000000;300;9501050171;B
20240201;100532;56.750000000;4400;9501050367;S
20240201;100532;56.750000000;2000;9501050368;S
20240201;100532;56.745000000;2000;9501050369;S
20240201;100532;56.745000000;400;9501050370;S
20240201;100532;56.745000000;1200;9501050371;S
20240201;100538;56.755000000;100;9501051266;B
20240201;100543;56.755000000;300;9501051847;B
20240201;100543;56.755000000;200;9501051848;B
20240201;100546;56.755000000;4500;9501052136;B
20240201;100546;56.760000000;1200;9501052137;B
20240201;100546;56.760000000;400;9501052138;B
20240201;100546;56.765000000;100;9501052139;B
20240201;100546;56.775000000;3600;9501052140;B
20240201;100546;56.780000000;3500;9501052141;B
20240201;100600;56.750000000;6500;9501054463;S
20240201;100601;56.745000000;400;9501054501;S
20240201;100602;56.745000000;13400;9501054774;S
20240201;100619;56.715000000;1400;9501057456;S
20240201;100619;56.715000000;1000;9501057457;S
20240201;100620;56.730000000;2000;9501057488;B
20240201;100632;56.730000000;100;9501059171;B
20240201;100633;56.730000000;200;9501059233;B
20240201;100636;56.715000000;2400;9501059604;S
20240201;100638;56.715000000;100;9501060003;S
20240201;100640;56.715000000;900;9501060521;S
20240201;100640;56.715000000;1400;9501060522;S
20240201;100640;56.715000000;100;9501060523;S
20240201;100652;56.715000000;400;9501062367;S
20240201;100652;56.715000000;2000;9501062368;S
20240201;100656;56.710000000;100;9501062867;S
20240201;100658;56.710000000;100;9501063106;S
20240201;100659;56.710000000;300;9501063247;S
20240201;100700;56.715000000;1800;9501063379;B
20240201;100708;56.715000000;2500;9501064487;B
20240201;100708;56.720000000;2000;9501064488;B
20240201;100708;56.720000000;2000;9501064489;B
20240201;100708;56.720000000;2000;9501064496;B
20240201;100708;56.720000000;2000;9501064497;B
20240201;100708;56.720000000;2000;9501064509;B
20240201;100708;56.720000000;2000;9501064510;B
20240201;100708;56.720000000;2000;9501064511;B
20240201;100708;56.720000000;2000;9501064513;B
20240201;100708;56.720000000;2000;9501064522;B
20240201;100715;56.725000000;100;9501065484;B
20240201;100715;56.730000000;1700;9501065485;B
20240201;100715;56.730000000;1700;9501065486;B
20240201;100715;56.730000000;300;9501065487;B
20240201;100716;56.725000000;700;9501065585;S
20240201;100721;56.740000000;100;9501066333;B
20240201;100721;56.730000000;800;9501066378;S
20240201;100723;56.725000000;200;9501066508;S
20240201;100728;56.740000000;300;9501067244;B
20240201;100731;56.730000000;400;9501067674;S
20240201;100731;56.730000000;600;9501067675;S
20240201;100731;56.740000000;100;9501067682;B
20240201;100733;56.730000000;400;9501068088;S
20240201;100733;56.730000000;2000;9501068089;S
20240201;100733;56.725000000;1000;9501068090;S
20240201;100733;56.725000000;600;9501068091;S
20240201;100733;56.725000000;400;9501068092;S
20240201;100733;56.725000000;3400;9501068093;S
20240201;100736;56.740000000;2000;9501068490;B
20240201;100742;56.750000000;500;9501069194;B
20240201;100742;56.750000000;2000;9501069195;B
20240201;100742;56.750000000;100;9501069196;B
20240201;100742;56.750000000;500;9501069197;B
20240201;100742;56.760000000;1900;9501069198;B
20240201;100754;56.750000000;1000;9501071497;S
20240201;100754;56.750000000;1900;9501071498;S
20240201;100754;56.740000000;1000;9501071499;S
20240201;100754;56.740000000;1100;9501071500;S
20240201;100755;56.760000000;100;9501071594;B
20240201;100812;56.760000000;1700;9501074391;B
20240201;100812;56.760000000;200;9501074392;B
20240201;100812;56.760000000;2000;9501074393;B
20240201;100812;56.770000000;2000;9501074394;B
20240201;100812;56.770000000;7700;9501074395;B
20240201;100812;56.770000000;100;9501074396;B
20240201;100812;56.770000000;800;9501074397;B
20240201;100812;56.770000000;400;9501074398;B
20240201;100812;56.770000000;400;9501074399;B
20240201;100815;56.770000000;600;9501074867;B
20240201;100815;56.770000000;400;9501074868;B
20240201;100815;56.770000000;100;9501074874;B
20240201;100817;56.770000000;600;9501075177;B
20240201;100818;56.770000000;500;9501075245;B
20240201;100819;56.770000000;100;9501075427;B
20240201;100819;56.770000000;300;9501075428;B
20240201;100819;56.770000000;100;9501075452;B
20240201;100827;56.770000000;1900;9501076670;B
20240201;100827;56.770000000;1600;9501076671;B
20240201;100827;56.770000000;400;9501076765;B
20240201;100827;56.765000000;1000;9501076766;S
20240201;100827;56.765000000;100;9501076767;S
20240201;100828;56.760000000;1000;9501076810;S
20240201;100829;56.760000000;5100;9501076953;S
20240201;100829;56.760000000;1000;9501076954;S
20240201;100829;56.755000000;100;9501076955;S
20240201;100829;56.755000000;1000;9501076956;S
20240201;100829;56.750000000;1000;9501076957;S
20240201;100829;56.750000000;1300;9501076958;S
20240201;100830;56.750000000;800;9501077086;S
20240201;100830;56.770000000;700;9501077107;B
20240201;100836;56.770000000;1300;9501078045;B
20240201;100836;56.775000000;400;9501078046;B
20240201;100836;56.775000000;200;9501078047;B
20240201;100836;56.780000000;100;9501078048;B
20240201;100838;56.780000000;100;9501078379;B
20240201;100838;56.765000000;600;9501078409;S
20240201;100851;56.780000000;700;9501080736;B
20240201;100851;56.765000000;200;9501080777;S
20240201;100854;56.780000000;300;9501081332;B
20240201;100854;56.780000000;700;9501081333;B
20240201;100859;56.780000000;1000;9501082180;S
20240201;100859;56.780000000;1000;9501082181;S
20240201;100906;56.775000000;1000;9501083364;S
20240201;100912;56.780000000;700;9501084316;B
20240201;100917;56.780000000;1300;9501085167;B
20240201;100917;56.780000000;300;9501085168;B
20240201;100917;56.785000000;5000;9501085169;B
20240201;100917;56.790000000;200;9501085170;B
20240201;100922;56.765000000;100;9501085897;S
20240201;100928;56.775000000;200;9501086802;B
20240201;100932;56.765000000;1700;9501087694;S
20240201;100933;56.775000000;700;9501087863;B
20240201;100934;56.775000000;1100;9501087999;B
20240201;100934;56.775000000;500;9501088004;B
20240201;100942;56.775000000;500;9501089433;B
20240201;100948;56.775000000;1000;9501090632;B
20240201;100949;56.775000000;1000;9501090873;S
20240201;100951;56.780000000;500;9501091226;B
20240201;100954;56.780000000;700;9501091625;B
20240201;100954;56.780000000;200;9501091639;B
20240201;100956;56.780000000;400;9501091895;B
20240201;100959;56.780000000;100;9501092448;B
20240201;101000;56.775000000;100;9501092697;S
20240201;101002;56.780000000;100;9501093038;B
20240201;101002;56.780000000;100;9501093039;B
20240201;101004;56.780000000;2000;9501093315;B
20240201;101005;56.785000000;300;9501093371;B
20240201;101005;56.790000000;1800;9501093372;B
20240201;101009;56.790000000;1000;9501094043;B
20240201;101015;56.790000000;700;9501095190;B
20240201;101017;56.790000000;100;9501095858;B
20240201;101018;56.790000000;200;9501096024;B
20240201;101018;56.790000000;100;9501096025;B
20240201;101018;56.795000000;400;9501096026;B
20240201;101018;56.790000000;2000;9501096189;B
20240201;101023;56.795000000;500;9501097088;B
20240201;101025;56.790000000;600;9501097241;S
20240201;101025;56.790000000;1000;9501097242;S
20240201;101025;56.780000000;1400;9501097243;S
20240201;101025;56.790000000;2000;9501097294;B
20240201;101025;56.790000000;300;9501097295;B
20240201;101025;56.795000000;300;9501097296;B
20240201;101027;56.780000000;100;9501097497;S
20240201;101027;56.780000000;1000;9501097498;S
20240201;101029;56.780000000;2000;9501097710;B
20240201;101033;56.780000000;500;9501098298;B
20240201;101035;56.780000000;100;9501098622;B
20240201;101036;56.780000000;700;9501098729;B
20240201;101038;56.780000000;3500;9501098959;B
20240201;101038;56.765000000;500;9501098998;S
20240201;101038;56.765000000;1000;9501098999;S
20240201;101038;56.760000000;3600;9501099000;S
20240201;101038;56.760000000;1000;9501099001;S
20240201;101038;56.760000000;300;9501099002;S
20240201;101038;56.755000000;500;9501099003;S
20240201;101041;56.770000000;1400;9501099413;S
20240201;101041;56.765000000;200;9501099414;S
20240201;101041;56.760000000;3600;9501099415;S
20240201;101041;56.755000000;2100;9501099416;S
20240201;101041;56.755000000;1000;9501099417;S
20240201;101041;56.750000000;1000;9501099418;S
20240201;101041;56.750000000;4400;9501099419;S
20240201;101041;56.745000000;1400;9501099420;S
20240201;101041;56.745000000;1000;9501099421;S
20240201;101041;56.740000000;1400;9501099422;S
20240201;101041;56.740000000;500;9501099423;S
20240201;101041;56.740000000;100;9501099442;S
20240201;101042;56.740000000;400;9501099595;S
20240201;101042;56.735000000;1600;9501099596;S
20240201;101043;56.780000000;1800;9501099673;B
20240201;101043;56.780000000;1200;9501099674;B
20240201;101049;56.770000000;200;9501100529;B
20240201;101049;56.785000000;300;9501100530;B
20240201;101049;56.790000000;100;9501100531;B
20240201;101055;56.790000000;1400;9501101380;B
20240201;101055;56.795000000;1000;9501101381;B
20240201;101055;56.795000000;100;9501101382;B
20240201;101055;56.795000000;100;9501101383;B
20240201;101055;56.795000000;1900;9501101384;B
20240201;101055;56.790000000;300;9501101386;B
20240201;101057;56.785000000;300;9501101606;B
20240201;101057;56.790000000;400;9501101607;B
20240201;101059;56.790000000;700;9501101894;B
20240201;101059;56.795000000;3100;9501101895;B
20240201;101059;56.795000000;100;9501101896;B
20240201;101059;56.795000000;100;9501101897;B
20240201;101100;56.790000000;100;9501102020;B
20240201;101106;56.780000000;100;9501102938;S
20240201;101110;56.785000000;100;9501103422;B
20240201;101110;56.785000000;1300;9501103548;B
20240201;101110;56.785000000;300;9501103549;B
20240201;101110;56.790000000;1400;9501103550;B
20240201;101110;56.795000000;7000;9501103551;B
20240201;101116;56.795000000;5900;9501104477;B
20240201;101116;56.795000000;200;9501104478;B
20240201;101118;56.795000000;700;9501104986;B
20240201;101123;56.800000000;900;9501105642;B
20240201;101123;56.790000000;2000;9501105702;S
20240201;101125;56.790000000;200;9501106014;S
20240201;101127;56.790000000;100;9501106271;S
20240201;101128;56.795000000;300;9501106344;B
20240201;101128;56.800000000;1500;9501106345;B
20240201;101129;56.790000000;200;9501106503;S
20240201;101129;56.785000000;300;9501106504;S
20240201;101129;56.785000000;1200;9501106505;S
20240201;101129;56.780000000;2800;9501106506;S
20240201;101130;56.780000000;100;9501106703;S
20240201;101131;56.780000000;200;9501106883;S
20240201;101132;56.785000000;300;9501107104;B
20240201;101132;56.790000000;1500;9501107105;B
20240201;101135;56.790000000;100;9501107350;B
20240201;101138;56.780000000;100;9501107691;S
20240201;101139;56.790000000;400;9501107962;B
20240201;101139;56.790000000;300;9501107963;B
20240201;101148;56.780000000;300;9501109043;S
20240201;101149;56.785000000;100;9501109188;B
20240201;101153;56.790000000;400;9501110509;B
20240201;101157;56.790000000;100;9501111266;B
20240201;101157;56.780000000;400;9501111399;S
20240201;101200;56.785000000;300;9501111936;B
20240201;101200;56.785000000;700;9501112021;B
20240201;101203;56.785000000;200;9501112312;B
20240201;101204;56.785000000;100;9501112354;B
20240201;101204;56.785000000;3600;9501112464;B
20240201;101204;56.785000000;900;9501112465;B
20240201;101205;56.790000000;100;9501112778;B
20240201;101212;56.780000000;600;9501113584;S
20240201;101214;56.780000000;100;9501113982;S
20240201;101218;56.780000000;400;9501114433;S
20240201;101222;56.770000000;700;9501114841;B
20240201;101227;56.760000000;300;9501115654;B
20240201;101232;56.735000000;2000;9501116270;B
20240201;101233;56.730000000;1700;9501116530;S
20240201;101237;56.730000000;1300;9501117054;S
20240201;101237;56.730000000;300;9501117055;S
20240201;101237;56.730000000;4500;9501117056;S
20240201;101242;56.730000000;500;9501117538;S
20240201;101242;56.730000000;300;9501117539;S
20240201;101242;56.725000000;1700;9501117540;S
20240201;101242;56.725000000;3600;9501117541;S
20240201;101243;56.730000000;700;9501117625;B
20240201;101249;56.730000000;200;9501118350;B
20240201;101252;56.710000000;500;9501118796;S
20240201;101252;56.710000000;1400;9501118797;S
20240201;101252;56.705000000;100;9501118798;S
20240201;101252;56.705000000;1400;9501118799;S
20240201;101252;56.705000000;2500;9501118800;S
20240201;101254;56.705000000;300;9501118977;S
20240201;101254;56.700000000;500;9501118978;S
20240201;101254;56.700000000;100;9501118979;S
20240201;101254;56.700000000;100;9501118980;S
20240201;101255;56.700000000;100;9501119138;B
20240201;101256;56.700000000;1800;9501119299;S
20240201;101256;56.700000000;600;9501119300;S
20240201;101258;56.720000000;100;9501119559;B
20240201;101258;56.720000000;200;9501119588;B
20240201;101301;56.730000000;100;9501119999;B
20240201;101304;56.730000000;700;9501120281;B
20240201;101308;56.705000000;900;9501120826;S
20240201;101308;56.705000000;1600;9501120827;S
20240201;101309;56.735000000;100;9501120985;B
20240201;101320;56.710000000;100;9501122247;S
20240201;101321;56.700000000;1400;9501122315;S
20240201;101321;56.700000000;1700;9501122316;S
20240201;101321;56.700000000;2000;9501122317;S
20240201;101321;56.700000000;300;9501122318;S
20240201;101321;56.695000000;1400;9501122319;S
20240201;101321;56.695000000;200;9501122320;S
20240201;101325;56.715000000;300;9501123001;B
20240201;101325;56.720000000;400;9501123002;B
20240201;101325;56.730000000;700;9501123093;B
20240201;101326;56.700000000;800;9501123218;B
20240201;101332;56.700000000;300;9501123841;S
20240201;101332;56.700000000;1700;9501123842;S
20240201;101332;56.700000000;200;9501123843;S
20240201;101339;56.700000000;300;9501124531;S
20240201;101339;56.700000000;400;9501124532;S
20240201;101346;56.700000000;700;9501125292;B
20240201;101357;56.700000000;2900;9501126633;B
20240201;101357;56.700000000;300;9501126634;B
20240201;101357;56.700000000;3600;9501126635;B
20240201;101357;56.705000000;200;9501126636;B
20240201;101407;56.705000000;700;9501128150;B
20240201;101417;56.700000000;4400;9501129708;S
20240201;101417;56.700000000;1000;9501129709;S
20240201;101417;56.695000000;1700;9501129710;S
20240201;101417;56.695000000;100;9501129711;S
20240201;101417;56.695000000;100;9501129712;S
20240201;101417;56.690000000;900;9501129713;S
20240201;101417;56.690000000;1400;9501129714;S
20240201;101417;56.690000000;400;9501129715;S
20240201;101428;56.705000000;700;9501131190;B
20240201;101431;56.705000000;700;9501131560;B
20240201;101434;56.705000000;200;9501131994;B
20240201;101437;56.705000000;100;9501132282;B
20240201;101438;56.705000000;700;9501132364;B
20240201;101440;56.700000000;100;9501132597;S
20240201;101440;56.705000000;700;9501132598;B
20240201;101440;56.705000000;4000;9501132599;B
20240201;101440;56.705000000;4000;9501132600;B
20240201;101440;56.705000000;3800;9501132601;B
20240201;101440;56.710000000;100;9501132602;B
20240201;101440;56.710000000;200;9501132603;B
20240201;101440;56.710000000;3300;9501132604;B
20240201;101446;56.715000000;1700;9501133377;S
20240201;101446;56.710000000;1100;9501133378;S
20240201;101446;56.710000000;2000;9501133379;S
20240201;101446;56.705000000;200;9501133380;S
20240201;101449;56.730000000;100;9501133872;B
20240201;101449;56.730000000;600;9501133873;B
20240201;101453;56.730000000;800;9501134292;B
20240201;101456;56.715000000;3600;9501134684;S
20240201;101456;56.715000000;700;9501134685;S
20240201;101505;56.720000000;1000;9501136289;S
20240201;101505;56.715000000;300;9501136290;S
20240201;101505;56.715000000;3600;9501136291;S
20240201;101507;56.715000000;400;9501136689;B
20240201;101510;56.715000000;100;9501137173;B
20240201;101510;56.715000000;700;9501137277;B
20240201;101511;56.715000000;100;9501137310;B
20240201;101511;56.710000000;700;9501137340;S
20240201;101513;56.710000000;1300;9501137712;S
20240201;101513;56.710000000;1000;9501137713;S
20240201;101515;56.715000000;900;9501138260;B
20240201;101518;56.710000000;2000;9501138828;S
20240201;101518;56.710000000;600;9501138829;S
20240201;101520;56.710000000;2000;9501139219;S
20240201;101521;56.710000000;200;9501139365;B
20240201;101521;56.705000000;1000;9501139369;S
20240201;101521;56.705000000;200;9501139370;S
20240201;101521;56.705000000;1800;9501139371;S
20240201;101521;56.705000000;1400;9501139372;S
20240201;101521;56.700000000;2000;9501139373;S
20240201;101521;56.700000000;1000;9501139374;S
20240201;101521;56.700000000;3600;9501139375;S
20240201;101521;56.705000000;100;9501139397;S
20240201;101521;56.710000000;100;9501139488;B
20240201;101525;56.710000000;100;9501140043;B
20240201;101525;56.705000000;100;9501140091;S
20240201;101528;56.705000000;1200;9501140687;S
20240201;101531;56.710000000;200;9501141386;B
20240201;101531;56.710000000;500;9501141387;B
20240201;101533;56.705000000;1400;9501141696;S
20240201;101533;56.700000000;1100;9501141697;S
20240201;101534;56.705000000;300;9501141889;S
20240201;101536;56.710000000;200;9501142190;B
20240201;101536;56.715000000;700;9501142191;B
20240201;101536;56.710000000;200;9501142232;S
20240201;101538;56.710000000;100;9501142474;S
20240201;101540;56.710000000;1700;9501142859;S
20240201;101540;56.710000000;3600;9501142860;S
20240201;101540;56.715000000;20000;9501142956;B
20240201;101540;56.710000000;100;9501142995;S
20240201;101544;56.715000000;100;9501143620;B
20240201;101544;56.715000000;100;9501143629;B
20240201;101548;56.715000000;100;9501144173;B
20240201;101549;56.715000000;100;9501144262;B
20240201;101551;56.715000000;100;9501144644;B
20240201;101552;56.715000000;1900;9501144776;B
20240201;101552;56.715000000;700;9501144779;B
20240201;101555;56.710000000;1900;9501145354;S
20240201;101555;56.710000000;3600;9501145355;S
20240201;101555;56.710000000;500;9501145356;S
20240201;101556;56.710000000;2000;9501145690;S
20240201;101556;56.710000000;2000;9501145691;S
20240201;101558;56.710000000;100;9501145982;S
20240201;101559;56.715000000;200;9501146183;B
20240201;101600;56.710000000;1900;9501146216;S
20240201;101600;56.710000000;100;9501146217;S
20240201;101600;56.715000000;100;9501146319;B
20240201;101601;56.715000000;400;9501146565;B
20240201;101604;56.710000000;500;9501147053;B
20240201;101605;56.710000000;200;9501147130;B
20240201;101605;56.705000000;1100;9501147151;S
20240201;101605;56.705000000;1700;9501147152;S
20240201;101605;56.705000000;100;9501147153;S
20240201;101609;56.710000000;900;9501147707;B
20240201;101610;56.710000000;100;9501147817;B
20240201;101610;56.710000000;900;9501147848;B
20240201;101610;56.705000000;1400;9501147861;S
20240201;101611;56.710000000;100;9501148000;B
20240201;101612;56.710000000;200;9501148068;B
20240201;101612;56.705000000;100;9501148087;S
20240201;101614;56.710000000;700;9501148328;B
20240201;101614;56.710000000;100;9501148432;B
20240201;101615;56.705000000;1300;9501148572;S
20240201;101615;56.710000000;600;9501148698;B
20240201;101616;56.705000000;4400;9501148806;S
20240201;101616;56.705000000;1400;9501148807;S
20240201;101617;56.705000000;300;9501149003;B
20240201;101624;56.700000000;300;9501150034;S
20240201;101624;56.700000000;1400;9501150035;S
20240201;101624;56.700000000;1800;9501150036;S
20240201;101624;56.705000000;100;9501150057;B
20240201;101625;56.705000000;600;9501150370;B
20240201;101627;56.705000000;200;9501150630;B
20240201;101627;56.705000000;100;9501150631;B
20240201;101627;56.715000000;4300;9501150634;B
20240201;101628;56.710000000;100;9501150866;S
20240201;101631;56.710000000;200;9501151166;S
20240201;101635;56.710000000;700;9501151852;B
20240201;101635;56.710000000;200;9501152001;B
20240201;101636;56.705000000;100;9501152078;S
20240201;101636;56.710000000;100;9501152122;B
20240201;101637;56.705000000;100;9501152266;S
20240201;101637;56.710000000;200;9501152349;B
20240201;101638;56.705000000;1200;9501152500;S
20240201;101638;56.705000000;500;9501152501;S
20240201;101638;56.700000000;200;9501152502;S
20240201;101638;56.700000000;1400;9501152503;S
20240201;101638;56.700000000;11900;9501152504;S
20240201;101638;56.695000000;1400;9501152505;S
20240201;101638;56.695000000;5000;9501152506;S
20240201;101638;56.690000000;2000;9501152507;S
20240201;101638;56.690000000;4400;9501152508;S
20240201;101638;56.680000000;2000;9501152509;S
20240201;101638;56.680000000;100;9501152510;S
20240201;101638;56.680000000;100;9501152511;S
20240201;101638;56.675000000;500;9501152512;S
20240201;101638;56.675000000;1600;9501152513;S
20240201;101638;56.675000000;3600;9501152514;S
20240201;101638;56.670000000;2000;9501152515;S
20240201;101638;56.670000000;100;9501152516;S
20240201;101644;56.695000000;800;9501153444;B
20240201;101652;56.675000000;1400;9501154868;S
20240201;101652;56.675000000;600;9501154869;S
20240201;101653;56.675000000;100;9501154970;B
20240201;101653;56.675000000;100;9501155116;B
20240201;101653;56.675000000;100;9501155119;B
20240201;101656;56.675000000;700;9501155513;B
20240201;101656;56.670000000;100;9501155593;S
20240201;101657;56.675000000;100;9501155668;B
20240201;101657;56.670000000;9800;9501155670;S
20240201;101657;56.670000000;1400;9501155671;S
20240201;101659;56.665000000;100;9501156044;S
20240201;101702;56.665000000;1300;9501156516;S
20240201;101703;56.670000000;100;9501156719;B
20240201;101706;56.665000000;100;9501157277;S
20240201;101706;56.665000000;1300;9501157340;S
20240201;101706;56.665000000;100;9501157344;B
20240201;101708;56.670000000;1500;9501157826;B
20240201;101708;56.670000000;400;9501157845;B
20240201;101712;56.670000000;3100;9501158430;B
20240201;101712;56.670000000;5000;9501158431;B
20240201;101712;56.670000000;500;9501158432;B
20240201;101712;56.680000000;400;9501158433;B
20240201;101712;56.690000000;200;9501158434;B
20240201;101712;56.700000000;1400;9501158435;B
20240201;101712;56.700000000;1400;9501158436;B
20240201;101712;56.705000000;3600;9501158437;B
20240201;101712;56.710000000;800;9501158438;B
20240201;101712;56.710000000;12000;9501158439;B
20240201;101712;56.715000000;1600;9501158440;B
20240201;101714;56.690000000;400;9501158842;S
20240201;101714;56.690000000;500;9501158843;S
20240201;101717;56.680000000;700;9501159351;B
20240201;101719;56.680000000;100;9501159971;B
20240201;101719;56.680000000;100;9501159995;B
20240201;101720;56.680000000;4200;9501160081;B
20240201;101720;56.690000000;400;9501160082;B
20240201;101720;56.705000000;700;9501160083;B
20240201;101720;56.710000000;3600;9501160084;B
20240201;101720;56.715000000;1100;9501160085;B
20240201;101723;56.685000000;300;9501160672;S
20240201;101731;56.685000000;1000;9501162224;S
20240201;101733;56.680000000;1400;9501162866;S
20240201;101733;56.680000000;100;9501162867;S
20240201;101737;56.680000000;1300;9501163434;S
20240201;101737;56.685000000;800;9501163448;B
20240201;101738;56.685000000;700;9501163636;B
20240201;101739;56.685000000;100;9501163791;B
20240201;101739;56.680000000;100;9501163834;S
20240201;101739;56.680000000;300;9501163835;S
20240201;101741;56.680000000;700;9501164215;S
20240201;101741;56.680000000;2700;9501164216;S
20240201;101748;56.685000000;100;9501165321;B
20240201;101749;56.680000000;12300;9501165406;S
20240201;101749;56.680000000;1700;9501165407;S
20240201;101749;56.685000000;100;9501165481;B
20240201;101751;56.685000000;100;9501165937;B
20240201;101755;56.680000000;100;9501166774;S
20240201;101755;56.680000000;200;9501166809;S
20240201;101755;56.675000000;800;9501166810;S
20240201;101756;56.675000000;100;9501167003;B
20240201;101756;56.675000000;100;9501167062;B
20240201;101757;56.675000000;100;9501167227;B
20240201;101759;56.675000000;700;9501167587;B
20240201;101759;56.670000000;2000;9501167606;S
20240201;101759;56.670000000;4400;9501167607;S
20240201;101801;56.675000000;100;9501167931;B
20240201;101807;56.670000000;2000;9501168924;S
20240201;101807;56.670000000;200;9501168925;S
20240201;101807;56.675000000;200;9501168929;B
20240201;101808;56.675000000;500;9501168980;B
20240201;101808;56.670000000;1500;9501169060;S
20240201;101808;56.675000000;100;9501169067;B
20240201;101809;56.675000000;200;9501169148;B
20240201;101812;56.670000000;500;9501169727;B
20240201;101812;56.670000000;500;9501169762;B
20240201;101812;56.675000000;100;9501169775;B
20240201;101816;56.670000000;100;9501170525;S
20240201;101819;56.675000000;500;9501170977;B
20240201;101820;56.675000000;700;9501171224;B
20240201;101821;56.675000000;100;9501171399;B
20240201;101823;56.675000000;100;9501171664;B
20240201;101827;56.675000000;200;9501172266;B
20240201;101837;56.690000000;300;9501174562;B
20240201;101837;56.690000000;300;9501174563;B
20240201;101837;56.695000000;1400;9501174564;B
20240201;101841;56.690000000;600;9501175362;B
20240201;101841;56.695000000;100;9501175363;B
20240201;101850;56.690000000;100;9501177034;B
20240201;101856;56.690000000;500;9501178145;B
20240201;101900;56.685000000;200;9501178984;B
20240201;101902;56.675000000;200;9501179360;B
20240201;101902;56.680000000;300;9501179361;B
20240201;101902;56.685000000;200;9501179362;B
20240201;101911;56.690000000;600;9501181037;B
20240201;101911;56.690000000;1100;9501181038;B
20240201;101915;56.695000000;100;9501181986;B
20240201;101916;56.695000000;100;9501182326;B
20240201;101917;56.695000000;200;9501182498;B
20240201;101922;56.695000000;100;9501183399;B
20240201;101922;56.695000000;200;9501183517;B
20240201;101922;56.695000000;100;9501183518;B
20240201;101922;56.695000000;200;9501183529;B
20240201;101922;56.700000000;500;9501183530;B
20240201;101923;56.700000000;500;9501183760;B
20240201;101923;56.700000000;200;9501183761;B
20240201;101927;56.690000000;1400;9501184447;S
20240201;101927;56.690000000;600;9501184448;S
20240201;101933;56.690000000;400;9501185952;S
20240201;101933;56.690000000;300;9501185953;S
20240201;101941;56.685000000;300;9501187733;B
20240201;101943;56.685000000;100;9501188066;B
20240201;101944;56.685000000;400;9501188394;B
20240201;101944;56.690000000;300;9501188395;B
20240201;101951;56.685000000;1500;9501189590;S
20240201;101954;56.685000000;100;9501190221;B
20240201;101957;56.680000000;2000;9501190776;S
20240201;101957;56.680000000;1000;9501190777;S
20240201;101957;56.680000000;100;9501190778;S
20240201;102000;56.680000000;2000;9501191407;S
20240201;102000;56.680000000;2000;9501191408;S
20240201;102005;56.685000000;300;9501192419;B
20240201;102005;56.690000000;400;9501192420;B
20240201;102009;56.675000000;2500;9501192970;S
20240201;102009;56.680000000;300;9501193045;B
20240201;102016;56.675000000;1200;9501197185;S
20240201;102017;56.680000000;100;9501197430;B
20240201;102027;56.680000000;300;9501201671;B
20240201;102027;56.680000000;100;9501201672;B
20240201;102027;56.690000000;300;9501201673;B
20240201;102031;56.675000000;2300;9501202974;S
20240201;102035;56.675000000;2300;9501205242;S
20240201;102037;56.675000000;1700;9501205677;S
20240201;102037;56.675000000;100;9501205678;S
20240201;102037;56.675000000;100;9501205679;S
20240201;102037;56.675000000;100;9501205680;S
20240201;102037;56.675000000;300;9501205681;S
20240201;102037;56.675000000;100;9501205701;B
20240201;102037;56.675000000;100;9501205729;B
20240201;102037;56.675000000;100;9501205738;B
20240201;102037;56.675000000;300;9501205750;B
20240201;102037;56.675000000;100;9501205966;B
20240201;102037;56.675000000;100;9501205967;B
20240201;102037;56.675000000;300;9501205968;B
20240201;102038;56.675000000;100;9501205985;B
20240201;102038;56.680000000;100;9501206085;B
20240201;102041;56.675000000;100;9501206630;S
20240201;102041;56.675000000;300;9501206631;S
20240201;102041;56.675000000;100;9501206632;S
20240201;102041;56.670000000;1500;9501206633;S
20240201;102041;56.680000000;100;9501206703;B
20240201;102048;56.680000000;100;9501209141;B
20240201;102048;56.680000000;100;9501209142;B
20240201;102048;56.690000000;300;9501209143;B
20240201;102048;56.690000000;200;9501209144;B
20240201;102052;56.685000000;100;9501210423;B
20240201;102054;56.690000000;300;9501210793;B
20240201;102057;56.680000000;200;9501212283;S
20240201;102057;56.675000000;100;9501212284;S
20240201;102057;56.675000000;300;9501212285;S
20240201;102057;56.675000000;100;9501212286;S
20240201;102057;56.675000000;200;9501212287;S
20240201;102057;56.675000000;9300;9501212288;S
20240201;102057;56.675000000;100;9501212290;B
20240201;102057;56.675000000;300;9501212291;B
20240201;102057;56.675000000;100;9501212292;B
20240201;102057;56.675000000;100;9501212294;B
20240201;102057;56.675000000;300;9501212296;B
20240201;102057;56.675000000;100;9501212297;B
20240201;102057;56.675000000;100;9501212300;B
20240201;102057;56.675000000;300;9501212301;B
20240201;102057;56.675000000;100;9501212302;B
20240201;102057;56.675000000;100;9501212307;B
20240201;102057;56.675000000;300;9501212308;B
20240201;102057;56.675000000;100;9501212309;B
20240201;102057;56.675000000;100;9501212327;B
20240201;102057;56.675000000;100;9501212328;B
20240201;102057;56.675000000;100;9501212348;B
20240201;102057;56.675000000;100;9501212350;B
20240201;102057;56.675000000;100;9501212370;B
20240201;102057;56.675000000;100;9501212371;B
20240201;102057;56.675000000;100;9501212372;B
20240201;102057;56.675000000;100;9501212378;B
20240201;102058;56.675000000;100;9501212428;B
20240201;102059;56.675000000;100;9501212608;B
20240201;102100;56.675000000;100;9501213113;B
20240201;102103;56.675000000;100;9501213436;B
20240201;102103;56.675000000;800;9501213540;B
20240201;102105;56.670000000;500;9501214237;S
20240201;102106;56.670000000;300;9501215029;B
20240201;102106;56.675000000;200;9501215053;B
20240201;102109;56.675000000;600;9501215484;B
20240201;102109;56.685000000;100;9501215485;B
20240201;102109;56.670000000;700;9501215582;S
20240201;102109;56.670000000;800;9501215583;S
20240201;102110;56.685000000;100;9501215686;B
20240201;102121;56.690000000;200;9501219521;B
20240201;102123;56.675000000;3600;9501219935;S
20240201;102123;56.675000000;1000;9501219936;S
20240201;102123;56.675000000;300;9501219937;S
20240201;102123;56.670000000;1200;9501219938;S
20240201;102123;56.670000000;1000;9501219939;S
20240201;102123;56.670000000;600;9501219940;S
20240201;102123;56.670000000;400;9501219941;S
20240201;102123;56.665000000;500;9501219942;S
20240201;102123;56.665000000;400;9501219943;S
20240201;102130;56.695000000;700;9501222784;B
20240201;102131;56.670000000;1400;9501222955;S
20240201;102138;56.670000000;600;9501224955;S
20240201;102138;56.670000000;1000;9501224956;S
20240201;102138;56.665000000;600;9501224957;S
20240201;102138;56.665000000;1000;9501224958;S
20240201;102138;56.665000000;300;9501224959;S
20240201;102138;56.665000000;3300;9501224992;B
20240201;102139;56.665000000;200;9501225092;B
20240201;102147;56.660000000;200;9501228220;S
20240201;102148;56.685000000;300;9501228241;B
20240201;102148;56.685000000;900;9501228242;B
20240201;102151;56.685000000;600;9501228680;B
20240201;102151;56.690000000;100;9501228681;B
20240201;102156;56.660000000;200;9501229526;S
20240201;102157;56.685000000;300;9501229999;B
20240201;102157;56.685000000;200;9501230000;B
20240201;102200;56.665000000;800;9501230452;S
20240201;102200;56.660000000;1600;9501230453;S
20240201;102200;56.660000000;9200;9501230454;S
20240201;102212;56.685000000;500;9501234686;B
20240201;102212;56.685000000;200;9501234687;B
20240201;102226;56.660000000;700;9501238890;S
20240201;102233;56.685000000;300;9501241130;B
20240201;102233;56.685000000;400;9501241131;B
20240201;102254;56.685000000;700;9501247450;B
20240201;102254;56.685000000;100;9501247510;B
20240201;102308;56.670000000;500;9501251686;S
20240201;102308;56.670000000;300;9501251687;S
20240201;102308;56.660000000;100;9501251688;S
20240201;102308;56.660000000;400;9501251689;S
20240201;102315;56.680000000;100;9501253635;B
20240201;102315;56.680000000;700;9501253694;B
20240201;102315;56.660000000;1000;9501253704;S
20240201;102332;56.680000000;100;9501258544;B
20240201;102333;56.665000000;500;9501258722;S
20240201;102336;56.680000000;700;9501259178;B
20240201;102340;56.680000000;100;9501260208;B
20240201;102342;56.680000000;400;9501261355;B
20240201;102343;56.680000000;100;9501262153;B
20240201;102346;56.665000000;100;9501262585;S
20240201;102346;56.680000000;300;9501262646;B
20240201;102357;56.675000000;300;9501266364;B
20240201;102357;56.680000000;400;9501266365;B
20240201;102358;56.665000000;800;9501266432;S
20240201;102358;56.665000000;100;9501266433;S
20240201;102406;56.675000000;3600;9501268533;B
20240201;102406;56.675000000;300;9501268534;B
20240201;102406;56.675000000;100;9501268535;B
20240201;102406;56.680000000;1600;9501268536;B
20240201;102406;56.680000000;2000;9501268540;B
20240201;102406;56.685000000;600;9501268541;B
20240201;102406;56.685000000;300;9501268542;B
20240201;102406;56.690000000;3800;9501268543;B
20240201;102406;56.690000000;600;9501268545;B
20240201;102406;56.695000000;500;9501268546;B
20240201;102406;56.695000000;400;9501268547;B
20240201;102406;56.695000000;600;9501268564;B
20240201;102406;56.695000000;300;9501268565;B
20240201;102406;56.695000000;1900;9501268566;B
20240201;102408;56.700000000;100;9501269666;B
20240201;102412;56.675000000;100;9501270421;S
20240201;102415;56.675000000;3500;9501271599;S
20240201;102415;56.670000000;1800;9501271600;S
20240201;102415;56.665000000;100;9501271601;S
20240201;102415;56.665000000;6400;9501271602;S
20240201;102415;56.660000000;500;9501271603;S
20240201;102415;56.660000000;1400;9501271604;S
20240201;102415;56.660000000;2000;9501271605;S
20240201;102415;56.660000000;1700;9501271606;S
20240201;102415;56.655000000;1400;9501271607;S
20240201;102415;56.650000000;800;9501271608;S
20240201;102415;56.650000000;2000;9501271609;S
20240201;102415;56.650000000;100;9501271610;S
20240201;102415;56.650000000;400;9501271611;S
20240201;102415;56.650000000;1400;9501271612;S
20240201;102415;56.645000000;100;9501271613;S
20240201;102415;56.645000000;100;9501271614;S
20240201;102415;56.640000000;5000;9501271615;S
20240201;102415;56.640000000;2000;9501271616;S
20240201;102415;56.640000000;200;9501271617;S
20240201;102415;56.630000000;2000;9501271618;S
20240201;102415;56.625000000;2400;9501271619;S
20240201;102416;56.635000000;4400;9501271702;S
20240201;102416;56.635000000;100;9501271704;S
20240201;102419;56.675000000;700;9501272628;B
20240201;102422;56.635000000;1400;9501273268;S
20240201;102422;56.635000000;900;9501273269;S
20240201;102422;56.630000000;1400;9501273270;S
20240201;102422;56.630000000;800;9501273271;S
20240201;102423;56.670000000;300;9501273925;B
20240201;102423;56.675000000;1300;9501273926;B
20240201;102423;56.680000000;3600;9501273927;B
20240201;102424;56.640000000;300;9501274036;S
20240201;102431;56.675000000;100;9501275634;B
20240201;102432;56.670000000;100;9501276199;S
20240201;102432;56.655000000;100;9501276200;S
20240201;102440;56.670000000;300;9501278766;B
20240201;102440;56.670000000;400;9501278767;B
20240201;102443;56.665000000;100;9501279463;B
20240201;102447;56.645000000;500;9501279925;S
20240201;102447;56.645000000;3100;9501279999;S
20240201;102447;56.645000000;100;9501280000;S
20240201;102447;56.645000000;300;9501280001;B
20240201;102448;56.660000000;700;9501280080;B
20240201;102448;56.665000000;8800;9501280081;B
20240201;102448;56.665000000;300;9501280082;B
20240201;102453;56.670000000;300;9501280668;B
20240201;102454;56.670000000;1300;9501280835;B
20240201;102454;56.675000000;300;9501280836;B
20240201;102454;56.685000000;300;9501280837;B
20240201;102454;56.690000000;100;9501280838;B
20240201;102457;56.695000000;4400;9501281092;B
20240201;102457;56.695000000;300;9501281093;B
20240201;102457;56.700000000;1700;9501281094;B
20240201;102457;56.700000000;1000;9501281095;B
20240201;102457;56.700000000;6000;9501281096;B
20240201;102457;56.700000000;2100;9501281097;B
20240201;102457;56.700000000;4500;9501281098;B
20240201;102458;56.700000000;500;9501281260;B
20240201;102458;56.700000000;5200;9501281282;B
20240201;102501;56.700000000;700;9501282231;B
20240201;102502;56.700000000;10000;9501283827;B
20240201;102503;56.700000000;5000;9501284042;B
20240201;102503;56.700000000;1400;9501284043;B
20240201;102503;56.705000000;300;9501284044;B
20240201;102503;56.705000000;200;9501284045;B
20240201;102503;56.710000000;6900;9501284046;B
20240201;102504;56.710000000;200;9501284084;B
20240201;102505;56.690000000;100;9501284575;S
20240201;102508;56.685000000;300;9501285631;S
20240201;102508;56.685000000;700;9501285632;S
20240201;102511;56.700000000;2200;9501286204;B
20240201;102514;56.705000000;100;9501287573;S
20240201;102518;56.710000000;1000;9501288164;B
20240201;102522;56.710000000;700;9501288549;B
20240201;102524;56.710000000;1200;9501288742;B
20240201;102524;56.710000000;100;9501288743;B
20240201;102524;56.710000000;1200;9501288744;B
20240201;102524;56.710000000;2000;9501288822;B
20240201;102525;56.710000000;100;9501288878;B
20240201;102525;56.720000000;400;9501288879;B
20240201;102525;56.720000000;3900;9501288880;B
20240201;102527;56.720000000;500;9501289136;B
20240201;102528;56.720000000;1000;9501289178;B
20240201;102529;56.720000000;300;9501289375;B
20240201;102530;56.715000000;2000;9501289393;S
20240201;102530;56.710000000;1800;9501289394;S
20240201;102530;56.710000000;300;9501289395;S
20240201;102530;56.710000000;900;9501289397;B
20240201;102536;56.720000000;300;9501290053;B
20240201;102536;56.720000000;700;9501290054;B
20240201;102538;56.720000000;100;9501290256;B
20240201;102538;56.720000000;200;9501290340;B
20240201;102542;56.720000000;100;9501290784;B
20240201;102543;56.720000000;600;9501290820;B
20240201;102543;56.725000000;100;9501290821;B
20240201;102544;56.720000000;700;9501290999;B
20240201;102544;56.725000000;100;9501291000;B
20240201;102544;56.725000000;1200;9501291001;B
20240201;102551;56.725000000;200;9501291633;B
20240201;102551;56.725000000;300;9501291634;B
20240201;102551;56.725000000;500;9501291635;B
20240201;102551;56.725000000;200;9501291697;B
20240201;102555;56.725000000;1000;9501292166;B
20240201;102557;56.725000000;100;9501292294;B
20240201;102600;56.725000000;400;9501292667;B
20240201;102600;56.725000000;2600;9501292668;B
20240201;102604;56.725000000;700;9501292969;B
20240201;102606;56.725000000;900;9501293227;B
20240201;102606;56.730000000;600;9501293228;B
20240201;102606;56.730000000;300;9501293229;B
20240201;102606;56.730000000;6700;9501293230;B
20240201;102606;56.735000000;1400;9501293231;B
20240201;102606;56.735000000;100;9501293232;B
20240201;102608;56.735000000;1000;9501293332;B
20240201;102610;56.720000000;100;9501293488;S
20240201;102615;56.735000000;100;9501293944;B
20240201;102616;56.725000000;1000;9501294039;B
20240201;102618;56.720000000;400;9501294250;S
20240201;102620;56.725000000;100;9501294529;B
20240201;102625;56.725000000;700;9501295060;B
20240201;102626;56.720000000;100;9501295120;S
20240201;102630;56.720000000;1500;9501295501;S
20240201;102630;56.725000000;100;9501295543;B
20240201;102633;56.725000000;400;9501295778;B
20240201;102633;56.725000000;100;9501295806;B
20240201;102634;56.720000000;300;9501295891;S
20240201;102638;56.725000000;500;9501296179;B
20240201;102639;56.725000000;200;9501296243;B
20240201;102639;56.725000000;100;9501296273;B
20240201;102643;56.725000000;100;9501296559;B
20240201;102643;56.725000000;200;9501296581;B
20240201;102646;56.725000000;700;9501297118;B
20240201;102647;56.725000000;600;9501297201;B
20240201;102647;56.725000000;100;9501297202;B
20240201;102647;56.725000000;2500;9501297203;B
20240201;102647;56.725000000;4200;9501297204;B
20240201;102647;56.730000000;300;9501297205;B
20240201;102647;56.735000000;4400;9501297206;B
20240201;102647;56.740000000;100;9501297207;B
20240201;102647;56.750000000;100;9501297208;B
20240201;102647;56.750000000;500;9501297209;B
20240201;102647;56.750000000;1200;9501297210;B
20240201;102647;56.750000000;3000;9501297211;B
20240201;102647;56.750000000;500;9501297212;B
20240201;102650;56.750000000;1500;9501297561;B
20240201;102650;56.750000000;500;9501297562;B
20240201;102650;56.750000000;600;9501297563;B
20240201;102652;56.735000000;2000;9501297726;S
20240201;102654;56.755000000;300;9501297972;B
20240201;102655;56.755000000;1100;9501298042;B
20240201;102659;56.755000000;700;9501298465;B
20240201;102703;56.750000000;500;9501298849;B
20240201;102703;56.750000000;400;9501298850;B
20240201;102707;56.750000000;100;9501299245;B
20240201;102707;56.755000000;600;9501299246;B
20240201;102711;56.755000000;600;9501299678;B
20240201;102720;56.750000000;200;9501300549;S
20240201;102720;56.750000000;1100;9501300550;S
20240201;102721;56.750000000;200;9501300685;S
20240201;102722;56.750000000;100;9501300720;S
20240201;102723;56.755000000;100;9501300838;B
20240201;102724;56.755000000;100;9501300947;B
20240201;102724;56.755000000;3800;9501300948;B
20240201;102724;56.750000000;100;9501300995;S
20240201;102724;56.755000000;100;9501300996;B
20240201;102726;56.755000000;1900;9501301206;B
20240201;102726;56.755000000;200;9501301207;B
20240201;102726;56.755000000;700;9501301208;B
20240201;102727;56.750000000;8500;9501301269;S
20240201;102728;56.755000000;700;9501301418;B
20240201;102730;56.750000000;200;9501301562;B
20240201;102738;56.760000000;100;9501302489;B
20240201;102746;56.755000000;100;9501303133;B
20240201;102746;56.760000000;500;9501303134;B
20240201;102746;56.760000000;100;9501303135;B
20240201;102746;56.760000000;200;9501303136;B
20240201;102746;56.760000000;1400;9501303137;B
20240201;102749;56.760000000;200;9501303534;S
20240201;102749;56.760000000;200;9501303535;S
20240201;102749;56.760000000;400;9501303536;S
20240201;102749;56.755000000;200;9501303545;S
20240201;102749;56.760000000;700;9501303697;B
20240201;102749;56.760000000;200;9501303698;B
20240201;102750;56.760000000;500;9501303882;B
20240201;102750;56.765000000;400;9501303883;B
20240201;102750;56.770000000;100;9501303884;B
20240201;102752;56.760000000;300;9501304172;S
20240201;102752;56.770000000;900;9501304227;B
20240201;102758;56.770000000;2000;9501304872;B
20240201;102758;56.775000000;400;9501304873;B
20240201;102758;56.780000000;7600;9501304874;B
20240201;102759;56.780000000;1000;9501304895;B
20240201;102801;56.780000000;600;9501305196;B
20240201;102807;56.770000000;3600;9501305705;S
20240201;102807;56.770000000;1600;9501305706;S
20240201;102807;56.765000000;2000;9501305707;S
20240201;102807;56.765000000;4800;9501305708;S
20240201;102811;56.780000000;700;9501306016;B
20240201;102816;56.780000000;100;9501306434;B
20240201;102816;56.780000000;100;9501306438;B
20240201;102816;56.780000000;500;9501306439;B
20240201;102816;56.780000000;2000;9501306440;B
20240201;102816;56.780000000;100;9501306441;B
20240201;102816;56.780000000;1400;9501306442;B
20240201;102816;56.785000000;900;9501306443;B
20240201;102816;56.770000000;3600;9501306467;S
20240201;102816;56.770000000;1000;9501306468;S
20240201;102816;56.765000000;900;9501306469;S
20240201;102817;56.780000000;100;9501306604;B
20240201;102820;56.780000000;900;9501306946;B
20240201;102824;56.780000000;100;9501307422;B
20240201;102825;56.780000000;300;9501307534;B
20240201;102828;56.780000000;400;9501307823;B
20240201;102828;56.780000000;400;9501307824;B
20240201;102828;56.780000000;500;9501307825;B
20240201;102829;56.780000000;1600;9501307875;B
20240201;102832;56.775000000;400;9501308301;B
20240201;102832;56.775000000;300;9501308302;B
20240201;102832;56.775000000;900;9501308303;B
20240201;102835;56.775000000;200;9501308706;B
20240201;102841;56.780000000;700;9501309315;B
20240201;102841;56.780000000;300;9501309316;B
20240201;102841;56.775000000;100;9501309348;S
20240201;102841;56.775000000;1000;9501309349;S
20240201;102843;56.770000000;400;9501309507;S
20240201;102843;56.765000000;1100;9501309508;S
20240201;102848;56.770000000;2000;9501310112;B
20240201;102848;56.770000000;400;9501310113;B
20240201;102848;56.775000000;3600;9501310114;B
20240201;102848;56.775000000;1000;9501310115;B
20240201;102848;56.780000000;500;9501310116;B
20240201;102850;56.770000000;2000;9501310355;B
20240201;102850;56.775000000;200;9501310356;B
20240201;102851;56.770000000;200;9501310546;B
20240201;102852;56.765000000;3200;9501310653;S
20240201;102852;56.765000000;200;9501310654;S
20240201;102853;56.770000000;700;9501310802;B
20240201;102853;56.770000000;500;9501310874;B
20240201;102856;56.765000000;2000;9501311104;B
20240201;102857;56.765000000;100;9501311230;B
20240201;102858;56.760000000;400;9501311446;S
20240201;102858;56.750000000;75000;9501311447;S
20240201;102858;56.750000000;100;9501311448;S
20240201;102858;56.750000000;7500;9501311449;S
20240201;102859;56.755000000;100;9501311462;B
20240201;102901;56.750000000;100;9501311615;S
20240201;102902;56.755000000;3500;9501311704;B
20240201;102902;56.755000000;400;9501311705;B
20240201;102902;56.760000000;2000;9501311706;B
20240201;102902;56.760000000;4100;9501311707;B
20240201;102905;56.750000000;300;9501312170;S
20240201;102905;56.750000000;400;9501312179;B
20240201;102905;56.750000000;500;9501312180;B
20240201;102905;56.755000000;2100;9501312181;B
20240201;102905;56.730000000;100;9501312191;S
20240201;102906;56.755000000;800;9501312287;B
20240201;102906;56.760000000;100;9501312288;B
20240201;102914;56.755000000;200;9501312950;B
20240201;102914;56.760000000;500;9501312951;B
20240201;102917;56.755000000;100;9501313258;B
20240201;102931;56.755000000;200;9501314904;B
20240201;102935;56.755000000;300;9501315352;B
20240201;102935;56.755000000;300;9501315353;B
20240201;102935;56.760000000;100;9501315354;B
20240201;102941;56.750000000;5000;9501315952;S
20240201;102941;56.760000000;1300;9501315973;B
20240201;102941;56.760000000;100;9501315974;B
20240201;102941;56.760000000;100;9501315975;B
20240201;102944;56.755000000;100;9501316208;B
20240201;102944;56.755000000;100;9501316209;B
20240201;102944;56.760000000;100;9501316483;B
20240201;102944;56.760000000;100;9501316484;B
20240201;102949;56.755000000;16600;9501316941;S
20240201;102949;56.755000000;100;9501316942;S
20240201;102949;56.755000000;100;9501316943;S
20240201;102956;56.760000000;700;9501317657;B
20240201;102959;56.750000000;1500;9501317926;S
20240201;102959;56.745000000;400;9501317927;S
20240201;102959;56.735000000;100;9501317928;S
20240201;102959;56.735000000;100;9501317929;S
20240201;102959;56.735000000;200;9501317930;S
20240201;102959;56.720000000;100;9501317931;S
20240201;102959;56.720000000;400;9501317932;S
20240201;102959;56.715000000;100;9501317933;S
20240201;102959;56.715000000;1400;9501317934;S
20240201;102959;56.715000000;700;9501317935;S
20240201;103003;56.755000000;400;9501318343;B
20240201;103003;56.755000000;300;9501318344;B
20240201;103003;56.760000000;3000;9501318345;B
20240201;103003;56.760000000;200;9501318346;B
20240201;103003;56.765000000;100;9501318347;B
20240201;103006;56.760000000;200;9501318681;B
20240201;103006;56.760000000;300;9501318682;B
20240201;103006;56.765000000;4300;9501318683;B
20240201;103006;56.765000000;200;9501318684;B
20240201;103017;56.760000000;200;9501319804;B
20240201;103017;56.765000000;100;9501319840;B
20240201;103017;56.770000000;600;9501319841;B
20240201;103018;56.735000000;100;9501319997;S
20240201;103018;56.735000000;100;9501320002;B
20240201;103023;56.735000000;2000;9501320455;B
20240201;103036;56.730000000;3600;9501322049;B
20240201;103037;56.750000000;100;9501322267;B
20240201;103037;56.750000000;2900;9501322268;B
20240201;103038;56.760000000;300;9501322390;B
20240201;103038;56.760000000;400;9501322391;B
20240201;103040;56.745000000;2000;9501322619;S
20240201;103043;56.765000000;100;9501322894;B
20240201;103049;56.745000000;300;9501323735;S
20240201;103049;56.740000000;2000;9501323736;S
20240201;103049;56.740000000;1400;9501323737;S
20240201;103049;56.735000000;1400;9501323738;S
20240201;103049;56.735000000;500;9501323739;S
20240201;103056;56.730000000;2000;9501324633;S
20240201;103056;56.730000000;400;9501324634;S
20240201;103058;56.730000000;100;9501324905;S
20240201;103059;56.735000000;700;9501324998;B
20240201;103102;56.730000000;100;9501325270;S
20240201;103102;56.730000000;2000;9501325271;S
20240201;103109;56.735000000;100;9501325858;B
20240201;103109;56.730000000;1600;9501325869;S
20240201;103109;56.730000000;2000;9501325870;S
20240201;103110;56.735000000;1000;9501326280;B
20240201;103111;56.735000000;1000;9501326333;B
20240201;103113;56.730000000;2000;9501326945;S
20240201;103114;56.730000000;100;9501327136;S
20240201;103115;56.730000000;1900;9501327343;S
20240201;103115;56.720000000;2000;9501327344;S
20240201;103115;56.720000000;1100;9501327345;S
20240201;103118;56.730000000;300;9501327842;B
20240201;103119;56.730000000;100;9501327954;B
20240201;103120;56.730000000;700;9501328236;B
20240201;103120;56.720000000;200;9501328267;S
20240201;103120;56.730000000;700;9501328339;B
20240201;103120;56.730000000;200;9501328368;B
20240201;103120;56.735000000;800;9501328369;B
20240201;103122;56.720000000;1000;9501328676;S
20240201;103122;56.720000000;1000;9501328677;S
20240201;103126;56.730000000;100;9501329377;B
20240201;103133;56.730000000;400;9501330827;B
20240201;103136;56.735000000;400;9501331260;B
20240201;103139;56.710000000;2000;9501331896;S
20240201;103139;56.710000000;4400;9501331897;S
20240201;103139;56.710000000;200;9501331898;S
20240201;103141;56.710000000;700;9501332398;B
20240201;103146;56.705000000;200;9501333260;S
20240201;103146;56.700000000;3200;9501333261;S
20240201;103146;56.700000000;100;9501333262;S
20240201;103146;56.700000000;500;9501333263;S
20240201;103146;56.700000000;100;9501333264;S
20240201;103146;56.700000000;28000;9501333265;S
20240201;103146;56.700000000;100;9501333266;S
20240201;103146;56.700000000;100;9501333267;S
20240201;103146;56.700000000;100;9501333268;S
20240201;103147;56.705000000;100;9501333367;B
20240201;103147;56.705000000;100;9501333405;B
20240201;103150;56.700000000;100;9501334233;S
20240201;103150;56.700000000;100;9501334234;S
20240201;103151;56.705000000;400;9501334451;B
20240201;103153;56.705000000;2000;9501334867;B
20240201;103154;56.700000000;3500;9501335176;S
20240201;103155;56.705000000;300;9501335381;B
20240201;103155;56.705000000;200;9501335382;B
20240201;103159;56.700000000;200;9501336128;S
20240201;103201;56.705000000;1000;9501336367;B
20240201;103201;56.700000000;100;9501336503;S
20240201;103202;56.705000000;100;9501336654;B
20240201;103203;56.705000000;700;9501336694;B
20240201;103209;56.705000000;100;9501337663;B
20240201;103220;56.700000000;600;9501340302;S
20240201;103221;56.710000000;100;9501340488;B
20240201;103224;56.710000000;700;9501340981;B
20240201;103224;56.700000000;100;9501341045;S
20240201;103224;56.700000000;1500;9501341115;S
20240201;103224;56.700000000;900;9501341116;S
20240201;103224;56.695000000;100;9501341117;S
20240201;103224;56.695000000;300;9501341118;S
20240201;103224;56.690000000;500;9501341119;S
20240201;103224;56.685000000;900;9501341120;S
20240201;103224;56.685000000;100;9501341121;S
20240201;103224;56.685000000;600;9501341122;S
20240201;103224;56.685000000;3600;9501341123;S
20240201;103224;56.680000000;200;9501341124;S
20240201;103224;56.680000000;1800;9501341125;S
20240201;103224;56.680000000;200;9501341126;B
20240201;103225;56.675000000;4000;9501341166;S
20240201;103234;56.670000000;400;9501342665;S
20240201;103234;56.670000000;300;9501342666;S
20240201;103234;56.670000000;900;9501342667;S
20240201;103245;56.700000000;700;9501344988;B
20240201;103254;56.680000000;1900;9501346751;S
20240201;103306;56.700000000;700;9501349356;B
20240201;103311;56.700000000;700;9501350229;B
20240201;103317;56.700000000;1700;9501351314;B
20240201;103317;56.700000000;3400;9501351315;B
20240201;103317;56.710000000;4700;9501351316;B
20240201;103317;56.715000000;7500;9501351317;B
20240201;103317;56.715000000;1400;9501351318;B
20240201;103317;56.710000000;1100;9501351319;S
20240201;103324;56.720000000;100;9501352357;B
20240201;103327;56.720000000;700;9501352767;B
20240201;103335;56.720000000;100;9501353911;B
20240201;103339;56.715000000;1300;9501354808;B
20240201;103339;56.720000000;400;9501354809;B
20240201;103342;56.715000000;700;9501355151;B
20240201;103342;56.720000000;1100;9501355152;B
20240201;103347;56.720000000;200;9501355856;B
20240201;103348;56.720000000;700;9501355985;B
20240201;103350;56.720000000;500;9501356264;B
20240201;103351;56.720000000;100;9501356438;B
20240201;103353;56.720000000;500;9501356748;B
20240201;103400;56.700000000;100;9501357506;S
20240201;103405;56.720000000;200;9501358001;B
20240201;103409;56.720000000;700;9501358691;B
20240201;103409;56.720000000;1000;9501358768;B
20240201;103417;56.720000000;2700;9501359582;B
20240201;103417;56.720000000;100;9501359583;B
20240201;103417;56.720000000;1700;9501359584;B
20240201;103420;56.720000000;3200;9501359959;B
20240201;103427;56.720000000;100;9501360639;B
20240201;103427;56.720000000;1800;9501360650;B
20240201;103427;56.720000000;1200;9501360651;B
20240201;103430;56.720000000;700;9501360976;B
20240201;103433;56.720000000;100;9501361416;B
20240201;103436;56.720000000;1400;9501361695;B
20240201;103436;56.720000000;400;9501361696;B
20240201;103436;56.720000000;1100;9501361697;B
20240201;103436;56.720000000;2000;9501361698;B
20240201;103436;56.725000000;100;9501361699;B
20240201;103443;56.730000000;600;9501362457;B
20240201;103449;56.730000000;200;9501363189;B
20240201;103451;56.730000000;700;9501363803;B
20240201;103453;56.720000000;200;9501364020;S
20240201;103504;56.720000000;1500;9501365036;B
20240201;103506;56.720000000;100;9501365164;B
20240201;103506;56.720000000;300;9501365393;B
20240201;103510;56.720000000;100;9501365912;B
20240201;103512;56.720000000;400;9501366521;B
20240201;103512;56.720000000;300;9501366522;B
20240201;103516;56.720000000;100;9501367344;B
20240201;103516;56.720000000;200;9501367345;B
20240201;103516;56.720000000;100;9501367509;B
20240201;103524;56.720000000;200;9501368386;B
20240201;103524;56.710000000;200;9501368414;S
20240201;103524;56.720000000;100;9501368455;B
20240201;103528;56.720000000;200;9501368810;B
20240201;103528;56.720000000;300;9501368811;B
20240201;103531;56.710000000;100;9501369140;S
20240201;103533;56.720000000;200;9501369543;B
20240201;103533;56.720000000;500;9501369544;B
20240201;103539;56.720000000;500;9501370218;B
20240201;103539;56.725000000;400;9501370219;B
20240201;103539;56.725000000;400;9501370220;B
20240201;103539;56.725000000;300;9501370221;B
20240201;103539;56.730000000;2400;9501370222;B
20240201;103542;56.730000000;400;9501370447;B
20240201;103545;56.730000000;100;9501370775;B
20240201;103547;56.720000000;100;9501371060;S
20240201;103548;56.725000000;100;9501371234;B
20240201;103550;56.725000000;100;9501371401;B
20240201;103550;56.720000000;900;9501371453;S
20240201;103550;56.720000000;100;9501371454;S
20240201;103555;56.725000000;700;9501371967;B
20240201;103556;56.725000000;500;9501372112;B
20240201;103556;56.725000000;300;9501372113;B
20240201;103556;56.725000000;200;9501372114;B
20240201;103556;56.730000000;600;9501372115;B
20240201;103602;56.725000000;100;9501372646;B
20240201;103605;56.715000000;100;9501372829;S
20240201;103608;56.725000000;100;9501373220;B
20240201;103610;56.725000000;400;9501373329;B
20240201;103614;56.725000000;100;9501373778;B
20240201;103616;56.725000000;700;9501373904;B
20240201;103618;56.725000000;300;9501374152;B
20240201;103618;56.725000000;1400;9501374153;B
20240201;103618;56.730000000;600;9501374154;B
20240201;103620;56.725000000;1700;9501374385;S
20240201;103625;56.725000000;300;9501374916;S
20240201;103626;56.725000000;100;9501375016;S
20240201;103626;56.725000000;900;9501375082;S
20240201;103626;56.725000000;200;9501375083;S
20240201;103629;56.725000000;700;9501375407;B
20240201;103629;56.725000000;300;9501375408;B
20240201;103629;56.730000000;800;9501375409;B
20240201;103629;56.730000000;900;9501375410;B
20240201;103631;56.730000000;200;9501375562;B
20240201;103631;56.730000000;2000;9501375563;B
20240201;103631;56.730000000;300;9501375564;B
20240201;103637;56.730000000;700;9501376071;B
20240201;103637;56.730000000;300;9501376072;B
20240201;103650;56.730000000;3900;9501377410;B
20240201;103650;56.735000000;300;9501377411;B
20240201;103650;56.740000000;2000;9501377412;B
20240201;103650;56.740000000;100;9501377413;B
20240201;103650;56.745000000;5200;9501377414;B
20240201;103658;56.730000000;300;9501378269;B
20240201;103658;56.735000000;400;9501378270;B
20240201;103701;56.735000000;300;9501378492;B
20240201;103704;56.710000000;100;9501378763;S
20240201;103704;56.710000000;200;9501378764;S
20240201;103719;56.740000000;400;9501380333;B
20240201;103719;56.740000000;300;9501380334;B
20240201;103719;56.715000000;100;9501380379;S
20240201;103722;56.740000000;100;9501380610;B
20240201;103722;56.740000000;400;9501380611;B
20240201;103723;56.740000000;600;9501380687;B
20240201;103725;56.720000000;300;9501380819;S
20240201;103725;56.715000000;1100;9501380820;S
20240201;103725;56.715000000;900;9501380821;S
20240201;103740;56.740000000;700;9501382478;B
20240201;103745;56.740000000;1100;9501383276;B
20240201;103747;56.740000000;100;9501383441;B
20240201;103747;56.740000000;100;9501383477;B
20240201;103750;56.740000000;2200;9501383902;B
20240201;103751;56.750000000;100;9501384123;B
20240201;103755;56.750000000;100;9501384452;B
20240201;103758;56.745000000;1900;9501384924;S
20240201;103758;56.745000000;300;9501384925;S
20240201;103758;56.740000000;700;9501384926;B
20240201;103759;56.740000000;600;9501385019;B
20240201;103800;56.735000000;2000;9501385086;S
20240201;103800;56.730000000;900;9501385087;S
20240201;103801;56.745000000;300;9501385178;B
20240201;103801;56.750000000;400;9501385179;B
20240201;103813;56.745000000;100;9501386728;S
20240201;103814;56.750000000;700;9501386865;B
20240201;103814;56.745000000;100;9501386936;S
20240201;103814;56.750000000;1500;9501386962;B
20240201;103815;56.750000000;500;9501386971;B
20240201;103815;56.750000000;200;9501387047;B
20240201;103815;56.750000000;4000;9501387071;B
20240201;103818;56.750000000;1000;9501387345;B
20240201;103819;56.750000000;100;9501387415;B
20240201;103819;56.750000000;800;9501387422;B
20240201;103819;56.745000000;1800;9501387427;S
20240201;103819;56.745000000;3000;9501387428;S
20240201;103820;56.750000000;600;9501387516;B
20240201;103821;56.750000000;300;9501387584;B
20240201;103822;56.750000000;700;9501387683;B
20240201;103831;56.755000000;300;9501388338;B
20240201;103831;56.755000000;100;9501388339;B
20240201;103834;56.750000000;1000;9501388641;B
20240201;103834;56.750000000;300;9501388642;B
20240201;103834;56.750000000;1400;9501388643;B
20240201;103834;56.755000000;900;9501388644;B
20240201;103834;56.755000000;100;9501388645;B
20240201;103834;56.755000000;1400;9501388646;B
20240201;103834;56.760000000;4900;9501388647;B
20240201;103836;56.745000000;1000;9501388820;S
20240201;103836;56.745000000;500;9501388821;S
20240201;103836;56.740000000;300;9501388822;S
20240201;103836;56.740000000;3600;9501388823;S
20240201;103836;56.735000000;1100;9501388824;S
20240201;103837;56.755000000;1400;9501388974;B
20240201;103837;56.755000000;300;9501388975;B
20240201;103840;56.760000000;100;9501389235;B
20240201;103843;56.760000000;700;9501389542;B
20240201;103844;56.760000000;100;9501389568;B
20240201;103844;56.755000000;100;9501389592;S
20240201;103849;56.760000000;500;9501390126;B
20240201;103851;56.760000000;100;9501390357;B
20240201;103904;56.745000000;500;9501391793;S
20240201;103904;56.745000000;1500;9501391794;S
20240201;103904;56.745000000;500;9501391795;S
20240201;103904;56.755000000;300;9501391841;B
20240201;103904;56.760000000;400;9501391842;B
20240201;103913;56.760000000;300;9501392526;B
20240201;103916;56.760000000;1000;9501392831;B
20240201;103919;56.735000000;100;9501393434;S
20240201;103925;56.755000000;300;9501394224;B
20240201;103925;56.755000000;400;9501394225;B
20240201;103930;56.755000000;300;9501394516;B
20240201;103930;56.760000000;700;9501394517;B
20240201;103933;56.760000000;100;9501394836;B
20240201;103934;56.760000000;100;9501394963;B
20240201;103946;56.755000000;1000;9501395996;S
20240201;103946;56.755000000;200;9501395997;S
20240201;103946;56.755000000;800;9501395998;S
20240201;103946;56.755000000;200;9501395999;S
20240201;103947;56.760000000;700;9501396060;B
20240201;103949;56.760000000;300;9501396358;B
20240201;103949;56.760000000;1800;9501396359;B
20240201;103950;56.760000000;100;9501396453;B
20240201;103953;56.760000000;1500;9501396822;B
20240201;103955;56.755000000;500;9501397176;S
20240201;103959;56.755000000;300;9501397827;S
20240201;104000;56.750000000;100;9501397917;S
20240201;104000;56.755000000;400;9501397978;B
20240201;104000;56.760000000;1600;9501397979;B
20240201;104000;56.760000000;3200;9501397980;B
20240201;104002;56.760000000;5000;9501398307;B
20240201;104002;56.760000000;100;9501398308;B
20240201;104003;56.760000000;200;9501398583;S
20240201;104008;56.755000000;400;9501399320;B
20240201;104008;56.760000000;300;9501399321;B
20240201;104009;56.735000000;200;9501399542;S
20240201;104009;56.735000000;200;9501399543;S
20240201;104012;56.735000000;100;9501400004;S
20240201;104014;56.755000000;200;9501400168;B
20240201;104020;56.755000000;200;9501400850;B
20240201;104020;56.760000000;3300;9501400851;B
20240201;104021;56.760000000;400;9501400945;B
20240201;104021;56.735000000;100;9501401017;S
20240201;104023;56.760000000;800;9501401181;B
20240201;104028;56.760000000;600;9501401823;B
20240201;104028;56.760000000;600;9501401831;B
20240201;104028;56.760000000;200;9501401841;B
20240201;104029;56.760000000;400;9501401881;B
20240201;104029;56.760000000;700;9501401892;B
20240201;104029;56.750000000;2000;9501401906;S
20240201;104029;56.760000000;200;9501401919;B
20240201;104030;56.760000000;300;9501402001;B
20240201;104036;56.750000000;100;9501402643;S
20240201;104038;56.755000000;400;9501403040;B
20240201;104041;56.760000000;400;9501403324;B
20240201;104041;56.760000000;1600;9501403371;B
20240201;104041;56.760000000;400;9501403372;B
20240201;104041;56.760000000;400;9501403399;B
20240201;104041;56.760000000;200;9501403401;B
20240201;104041;56.760000000;600;9501403410;B
20240201;104041;56.760000000;400;9501403420;B
20240201;104042;56.760000000;200;9501403444;B
20240201;104042;56.760000000;2900;9501403484;B
20240201;104042;56.760000000;1100;9501403485;B
20240201;104042;56.760000000;4000;9501403548;B
20240201;104042;56.760000000;2000;9501403549;B
20240201;104042;56.760000000;200;9501403552;B
20240201;104042;56.760000000;2000;9501403574;B
20240201;104042;56.760000000;1100;9501403598;B
20240201;104042;56.765000000;7500;9501403599;B
20240201;104042;56.765000000;100;9501403600;B
20240201;104042;56.765000000;1300;9501403601;B
20240201;104043;56.765000000;2500;9501403619;B
20240201;104043;56.765000000;200;9501403620;B
20240201;104043;56.770000000;5600;9501403621;B
20240201;104043;56.770000000;100;9501403622;B
20240201;104043;56.775000000;800;9501403623;B
20240201;104043;56.775000000;800;9501403624;B
20240201;104043;56.775000000;4200;9501403631;B
20240201;104043;56.775000000;200;9501403632;B
20240201;104043;56.780000000;10000;9501403686;B
20240201;104043;56.780000000;4000;9501403712;B
20240201;104043;56.780000000;6000;9501403713;B
20240201;104043;56.780000000;1200;9501403714;B
20240201;104043;56.780000000;100;9501403715;B
20240201;104043;56.785000000;2700;9501403716;B
20240201;104043;56.785000000;4800;9501403720;B
20240201;104043;56.785000000;10000;9501403721;B
20240201;104043;56.785000000;5000;9501403722;B
20240201;104043;56.790000000;4200;9501403723;B
20240201;104043;56.790000000;800;9501403725;B
20240201;104043;56.795000000;300;9501403737;B
20240201;104043;56.795000000;100;9501403738;B
20240201;104043;56.795000000;200;9501403739;B
20240201;104043;56.795000000;100;9501403740;B
20240201;104043;56.795000000;100;9501403741;B
20240201;104043;56.795000000;500;9501403742;B
20240201;104043;56.795000000;100;9501403743;B
20240201;104044;56.800000000;600;9501403784;B
20240201;104044;56.800000000;100;9501403785;B
20240201;104044;56.800000000;10000;9501403786;B
20240201;104044;56.800000000;100;9501403787;B
20240201;104044;56.800000000;300;9501403788;B
20240201;104044;56.800000000;500;9501403789;B
20240201;104044;56.800000000;1000;9501403790;B
20240201;104044;56.800000000;100;9501403791;B
20240201;104044;56.800000000;200;9501403792;B
20240201;104044;56.800000000;100;9501403793;B
20240201;104044;56.800000000;100;9501403794;B
20240201;104044;56.800000000;500;9501403795;B
20240201;104044;56.800000000;2800;9501403796;B
20240201;104044;56.800000000;100;9501403797;B
20240201;104044;56.800000000;900;9501403798;B
20240201;104044;56.800000000;5000;9501403799;B
20240201;104044;56.800000000;1000;9501403800;B
20240201;104044;56.800000000;1000;9501403801;B
20240201;104044;56.800000000;200;9501403802;B
20240201;104044;56.800000000;500;9501403803;B
20240201;104044;56.800000000;100;9501403804;B
20240201;104044;56.800000000;4800;9501403805;B
20240201;104044;56.800000000;2700;9501403807;B
20240201;104044;56.800000000;200;9501403808;B
20240201;104044;56.800000000;200;9501403809;B
20240201;104044;56.800000000;900;9501403810;B
20240201;104044;56.800000000;100;9501403811;B
20240201;104044;56.800000000;100;9501403812;B
20240201;104044;56.805000000;1800;9501403813;B
20240201;104044;56.805000000;500;9501403814;B
20240201;104044;56.805000000;500;9501403815;B
20240201;104044;56.805000000;8400;9501403816;B
20240201;104044;56.805000000;100;9501403817;B
20240201;104044;56.810000000;5000;9501403818;B
20240201;104044;56.815000000;1000;9501403835;B
20240201;104044;56.815000000;700;9501403848;B
20240201;104044;56.815000000;1600;9501403887;B
20240201;104044;56.815000000;500;9501403888;B
20240201;104044;56.815000000;100;9501403889;B
20240201;104044;56.815000000;1300;9501403890;B
20240201;104044;56.815000000;300;9501403891;B
20240201;104044;56.815000000;900;9501403892;B
20240201;104044;56.810000000;2000;9501403898;S
20240201;104044;56.810000000;1000;9501403899;S
20240201;104044;56.810000000;400;9501403900;S
20240201;104044;56.805000000;3600;9501403901;S
20240201;104044;56.805000000;1000;9501403902;S
20240201;104044;56.805000000;2000;9501403903;S
20240201;104044;56.810000000;100;9501403938;S
20240201;104044;56.815000000;100;9501403939;S
20240201;104044;56.815000000;900;9501403947;B
20240201;104044;56.820000000;100;9501403948;B
20240201;104044;56.820000000;1000;9501403949;B
20240201;104044;56.820000000;9800;9501403950;B
20240201;104044;56.820000000;200;9501403951;B
20240201;104044;56.820000000;1500;9501403952;B
20240201;104044;56.820000000;2300;9501403953;B
20240201;104044;56.820000000;400;9501403954;B
20240201;104044;56.820000000;800;9501403955;B
20240201;104044;56.820000000;500;9501403956;B
20240201;104044;56.820000000;1500;9501403957;B
20240201;104044;56.820000000;100;9501403962;B
20240201;104044;56.820000000;5900;9501403980;B
20240201;104044;56.820000000;200;9501403981;B
20240201;104044;56.820000000;200;9501403999;B
20240201;104044;56.820000000;2000;9501404001;B
20240201;104045;56.820000000;600;9501404019;B
20240201;104045;56.820000000;2900;9501404020;B
20240201;104045;56.820000000;200;9501404024;B
20240201;104045;56.820000000;900;9501404033;B
20240201;104045;56.825000000;2200;9501404034;B
20240201;104045;56.825000000;100;9501404035;B
20240201;104045;56.825000000;100;9501404036;B
20240201;104045;56.825000000;100;9501404037;B
20240201;104045;56.830000000;7700;9501404038;B
20240201;104045;56.830000000;2200;9501404039;B
20240201;104045;56.830000000;500;9501404040;B
20240201;104045;56.830000000;1000;9501404041;S
20240201;104045;56.830000000;1000;9501404042;S
20240201;104045;56.830000000;1000;9501404043;S
20240201;104045;56.830000000;600;9501404046;S
20240201;104045;56.835000000;2000;9501404048;B
20240201;104045;56.835000000;2000;9501404049;B
20240201;104045;56.840000000;100;9501404062;B
20240201;104045;56.840000000;500;9501404063;B
20240201;104045;56.840000000;200;9501404064;B
20240201;104045;56.840000000;100;9501404065;B
20240201;104045;56.840000000;1000;9501404066;B
20240201;104045;56.840000000;2100;9501404067;B
20240201;104045;56.840000000;1000;9501404068;S
20240201;104045;56.840000000;1000;9501404069;S
20240201;104045;56.840000000;1000;9501404070;S
20240201;104045;56.840000000;1000;9501404071;S
20240201;104045;56.845000000;100;9501404080;B
20240201;104045;56.845000000;800;9501404083;B
20240201;104045;56.845000000;100;9501404088;B
20240201;104045;56.840000000;100;9501404094;S
20240201;104045;56.845000000;300;9501404095;B
20240201;104045;56.845000000;800;9501404101;B
20240201;104045;56.845000000;5000;9501404134;B
20240201;104045;56.845000000;800;9501404141;B
20240201;104045;56.845000000;6000;9501404152;B
20240201;104045;56.845000000;3000;9501404160;B
20240201;104045;56.845000000;3500;9501404161;B
20240201;104045;56.845000000;5000;9501404163;B
20240201;104046;56.845000000;2000;9501404172;B
20240201;104046;56.845000000;400;9501404174;B
20240201;104046;56.845000000;8900;9501404177;B
20240201;104046;56.845000000;800;9501404179;B
20240201;104046;56.845000000;500;9501404180;B
20240201;104046;56.845000000;2000;9501404186;B
20240201;104046;56.845000000;100;9501404187;B
20240201;104046;56.845000000;1000;9501404188;B
20240201;104046;56.845000000;400;9501404189;B
20240201;104046;56.845000000;2000;9501404191;B
20240201;104046;56.845000000;2300;9501404196;B
20240201;104046;56.845000000;4600;9501404197;B
20240201;104046;56.850000000;200;9501404198;B
20240201;104046;56.850000000;200;9501404199;B
20240201;104046;56.850000000;3000;9501404200;B
20240201;104046;56.850000000;100;9501404201;B
20240201;104046;56.850000000;4600;9501404202;B
20240201;104046;56.850000000;400;9501404203;B
20240201;104046;56.850000000;100;9501404204;B
20240201;104046;56.850000000;200;9501404205;B
20240201;104046;56.850000000;800;9501404208;B
20240201;104046;56.850000000;500;9501404209;B
20240201;104046;56.850000000;100;9501404210;B
20240201;104046;56.850000000;1000;9501404211;B
20240201;104046;56.850000000;1300;9501404212;B
20240201;104046;56.850000000;3000;9501404213;B
20240201;104046;56.850000000;3300;9501404214;B
20240201;104046;56.850000000;200;9501404249;B
20240201;104046;56.850000000;100;9501404250;B
20240201;104046;56.850000000;100;9501404251;B
20240201;104046;56.850000000;100;9501404307;B
20240201;104046;56.850000000;500;9501404331;B
20240201;104046;56.850000000;300;9501404357;B
20240201;104047;56.845000000;200;9501404375;S
20240201;104049;56.845000000;200;9501404713;B
20240201;104049;56.845000000;100;9501404769;B
20240201;104050;56.840000000;200;9501404829;S
20240201;104050;56.845000000;700;9501404862;B
20240201;104054;56.830000000;100;9501405461;S
20240201;104056;56.830000000;100;9501405727;S
20240201;104057;56.835000000;500;9501405865;B
20240201;104058;56.840000000;100;9501405881;B
20240201;104058;56.840000000;400;9501405882;B
20240201;104058;56.840000000;500;9501405883;B
20240201;104058;56.840000000;1000;9501405920;B
20240201;104100;56.840000000;2100;9501406180;B
20240201;104100;56.840000000;1000;9501406181;B
20240201;104100;56.845000000;200;9501406182;B
20240201;104100;56.845000000;5700;9501406183;B
20240201;104101;56.840000000;3500;9501406262;B
20240201;104104;56.830000000;100;9501406666;S
20240201;104105;56.830000000;100;9501406726;S
20240201;104105;56.830000000;200;9501406729;S
20240201;104108;56.830000000;3400;9501407048;S
20240201;104108;56.830000000;100;9501407073;S
20240201;104110;56.830000000;100;9501407231;S
20240201;104111;56.835000000;500;9501407343;B
20240201;104111;56.835000000;100;9501407344;B
20240201;104111;56.835000000;100;9501407345;B
20240201;104111;56.830000000;800;9501407471;S
20240201;104111;56.830000000;1200;9501407472;B
20240201;104111;56.830000000;1000;9501407473;B
20240201;104112;56.830000000;100;9501407609;S
20240201;104112;56.830000000;2000;9501407648;S
20240201;104113;56.835000000;900;9501407764;B
20240201;104113;56.835000000;100;9501407765;B
20240201;104113;56.830000000;100;9501407819;S
20240201;104116;56.830000000;5900;9501408138;S
20240201;104116;56.830000000;100;9501408139;S
20240201;104116;56.830000000;200;9501408193;S
20240201;104116;56.835000000;1000;9501408265;B
20240201;104116;56.835000000;1000;9501408266;B
20240201;104116;56.835000000;1000;9501408267;B
20240201;104116;56.840000000;2000;9501408268;B
20240201;104119;56.840000000;3500;9501408761;B
20240201;104122;56.840000000;1700;9501409119;B
20240201;104123;56.835000000;100;9501409263;S
20240201;104123;56.830000000;300;9501409264;S
20240201;104123;56.830000000;100;9501409265;S
20240201;104124;56.830000000;1100;9501409277;S
20240201;104124;56.830000000;400;9501409307;B
20240201;104124;56.840000000;2100;9501409308;B
20240201;104126;56.830000000;100;9501409624;S
20240201;104129;56.830000000;500;9501410115;B
20240201;104129;56.830000000;100;9501410116;B
20240201;104129;56.830000000;200;9501410117;B
20240201;104129;56.835000000;1200;9501410118;B
20240201;104130;56.825000000;100;9501410187;B
20240201;104130;56.835000000;1000;9501410188;B
20240201;104130;56.840000000;900;9501410189;B
20240201;104131;56.835000000;1000;9501410275;B
20240201;104132;56.830000000;100;9501410364;B
20240201;104132;56.830000000;500;9501410365;B
20240201;104132;56.835000000;100;9501410366;B
20240201;104132;56.835000000;2900;9501410406;B
20240201;104133;56.835000000;2000;9501410463;B
20240201;104133;56.840000000;2900;9501410464;B
20240201;104133;56.840000000;4300;9501410465;B
20240201;104133;56.840000000;1400;9501410466;B
20240201;104133;56.840000000;300;9501410467;B
20240201;104133;56.840000000;900;9501410483;B
20240201;104137;56.840000000;1800;9501410812;B
20240201;104137;56.840000000;1100;9501410813;B
20240201;104137;56.840000000;500;9501410814;B
20240201;104137;56.840000000;4300;9501410815;B
20240201;104137;56.845000000;1400;9501410816;B
20240201;104137;56.845000000;500;9501410817;B
20240201;104137;56.850000000;200;9501410818;B
20240201;104137;56.850000000;200;9501410819;B
20240201;104138;56.850000000;500;9501410977;B
20240201;104138;56.850000000;100;9501410978;B
20240201;104138;56.850000000;400;9501410979;B
20240201;104139;56.850000000;1000;9501411200;B
20240201;104139;56.850000000;10700;9501411317;B
20240201;104139;56.850000000;3000;9501411318;B
20240201;104139;56.850000000;6000;9501411319;B
20240201;104139;56.850000000;10900;9501411323;B
20240201;104139;56.850000000;1000;9501411324;B
20240201;104139;56.855000000;1600;9501411325;B
20240201;104140;56.855000000;400;9501411379;B
20240201;104140;56.855000000;10000;9501411383;B
20240201;104140;56.855000000;1000;9501411396;B
20240201;104140;56.855000000;1000;9501411406;B
20240201;104140;56.855000000;5000;9501411412;B
20240201;104140;56.855000000;2000;9501411450;B
20240201;104140;56.855000000;9000;9501411464;B
20240201;104140;56.855000000;1000;9501411465;B
20240201;104141;56.855000000;100;9501411555;B
20240201;104141;56.855000000;3200;9501411567;B
20240201;104141;56.855000000;300;9501411568;B
20240201;104142;56.855000000;100;9501411624;B
20240201;104142;56.855000000;500;9501411717;B
20240201;104142;56.855000000;500;9501411767;B
20240201;104142;56.855000000;1200;9501411812;B
20240201;104143;56.855000000;400;9501411835;B
20240201;104144;56.855000000;300;9501411937;B
20240201;104144;56.855000000;7500;9501411938;B
20240201;104144;56.860000000;100;9501411939;B
20240201;104144;56.860000000;4000;9501411940;B
20240201;104144;56.860000000;7100;9501411941;B
20240201;104145;56.855000000;2000;9501411963;S
20240201;104145;56.855000000;1000;9501411964;S
20240201;104145;56.855000000;1000;9501411965;S
20240201;104145;56.855000000;3500;9501411966;S
20240201;104145;56.860000000;2900;9501412045;B
20240201;104145;56.870000000;200;9501412046;B
20240201;104145;56.875000000;100;9501412047;B
20240201;104145;56.875000000;400;9501412048;B
20240201;104145;56.880000000;1800;9501412049;B
20240201;104145;56.880000000;100;9501412050;B
20240201;104145;56.880000000;1500;9501412051;B
20240201;104145;56.880000000;1000;9501412052;B
20240201;104145;56.880000000;1600;9501412053;B
20240201;104145;56.880000000;4400;9501412054;B
20240201;104145;56.880000000;100;9501412056;B
20240201;104145;56.875000000;500;9501412074;S
20240201;104146;56.880000000;400;9501412079;B
20240201;104146;56.875000000;500;9501412080;S
20240201;104146;56.875000000;100;9501412097;S
20240201;104146;56.880000000;300;9501412117;B
20240201;104146;56.875000000;400;9501412151;S
20240201;104146;56.875000000;5000;9501412152;S
20240201;104146;56.875000000;2000;9501412153;S
20240201;104146;56.875000000;1000;9501412154;S
20240201;104146;56.855000000;2000;9501412155;S
20240201;104146;56.855000000;2000;9501412156;S
20240201;104146;56.850000000;1000;9501412157;S
20240201;104146;56.845000000;2000;9501412158;S
20240201;104146;56.845000000;200;9501412159;S
20240201;104146;56.845000000;4400;9501412160;S
20240201;104146;56.865000000;3300;9501412197;B
20240201;104146;56.865000000;700;9501412198;B
20240201;104147;56.865000000;100;9501412259;B
20240201;104147;56.865000000;500;9501412260;B
20240201;104147;56.865000000;1000;9501412261;B
20240201;104147;56.870000000;1400;9501412262;B
20240201;104148;56.860000000;100;9501412347;S
20240201;104148;56.855000000;500;9501412348;S
20240201;104148;56.850000000;2000;9501412349;S
20240201;104148;56.845000000;3400;9501412350;S
20240201;104150;56.850000000;400;9501412550;B
20240201;104150;56.855000000;3400;9501412551;B
20240201;104150;56.860000000;1000;9501412552;B
20240201;104150;56.860000000;2000;9501412553;B
20240201;104150;56.865000000;1000;9501412554;B
20240201;104150;56.865000000;100;9501412555;B
20240201;104150;56.865000000;1400;9501412556;B
20240201;104150;56.870000000;1900;9501412557;B
20240201;104150;56.870000000;5000;9501412558;B
20240201;104150;56.870000000;1000;9501412559;B
20240201;104150;56.870000000;1400;9501412560;B
20240201;104150;56.870000000;3000;9501412561;B
20240201;104150;56.875000000;1000;9501412562;B
20240201;104150;56.875000000;1400;9501412563;B
20240201;104150;56.875000000;5000;9501412564;B
20240201;104150;56.875000000;800;9501412565;B
20240201;104152;56.880000000;5000;9501412714;B
20240201;104153;56.875000000;500;9501412746;S
20240201;104153;56.880000000;700;9501412764;B
20240201;104155;56.875000000;500;9501413156;S
20240201;104157;56.875000000;2500;9501413238;S
20240201;104157;56.875000000;7500;9501413239;S
20240201;104158;56.875000000;9200;9501413324;S
20240201;104158;56.875000000;1000;9501413325;S
20240201;104159;56.865000000;500;9501413470;B
20240201;104159;56.870000000;2200;9501413471;B
20240201;104200;56.860000000;200;9501413630;S
20240201;104200;56.860000000;3600;9501413659;B
20240201;104200;56.860000000;1000;9501413660;B
20240201;104200;56.865000000;400;9501413661;B
20240201;104202;56.845000000;100;9501413757;S
20240201;104202;56.865000000;600;9501413766;B
20240201;104202;56.865000000;400;9501413767;B
20240201;104206;56.860000000;100;9501414310;B
20240201;104210;56.860000000;400;9501414690;B
20240201;104210;56.845000000;700;9501414787;S
20240201;104211;56.845000000;300;9501414812;B
20240201;104211;56.845000000;700;9501414813;B
20240201;104213;56.845000000;100;9501415060;B
20240201;104214;56.845000000;200;9501415268;B
20240201;104214;56.845000000;500;9501415269;B
20240201;104216;56.840000000;100;9501415453;S
20240201;104218;56.845000000;1000;9501415591;B
20240201;104218;56.845000000;1000;9501415592;B
20240201;104218;56.845000000;1000;9501415593;B
20240201;104218;56.845000000;1800;9501415594;B
20240201;104219;56.845000000;1500;9501415649;B
20240201;104220;56.840000000;1200;9501415821;S
20240201;104220;56.840000000;800;9501415822;S
20240201;104221;56.845000000;1500;9501416080;B
20240201;104222;56.845000000;200;9501416169;B
20240201;104222;56.845000000;400;9501416171;B
20240201;104222;56.845000000;600;9501416187;B
20240201;104222;56.845000000;400;9501416194;B
20240201;104222;56.845000000;400;9501416222;B
20240201;104223;56.845000000;200;9501416279;B
20240201;104223;56.845000000;5000;9501416347;B
20240201;104224;56.845000000;1100;9501416376;B
20240201;104224;56.845000000;1000;9501416377;B
20240201;104224;56.845000000;200;9501416378;B
20240201;104224;56.860000000;1000;9501416381;B
20240201;104224;56.860000000;2500;9501416472;B
20240201;104224;56.870000000;600;9501416473;B
20240201;104224;56.870000000;300;9501416474;B
20240201;104224;56.875000000;400;9501416475;B
20240201;104224;56.875000000;200;9501416539;B
20240201;104224;56.875000000;800;9501416545;B
20240201;104224;56.880000000;1000;9501416546;B
20240201;104224;56.880000000;1400;9501416547;B
20240201;104224;56.880000000;200;9501416548;B
20240201;104224;56.880000000;300;9501416549;B
20240201;104224;56.885000000;200;9501416552;B
20240201;104225;56.885000000;100;9501416566;B
20240201;104225;56.885000000;1200;9501416581;B
20240201;104225;56.885000000;1000;9501416597;B
20240201;104225;56.885000000;100;9501416598;B
20240201;104225;56.890000000;500;9501416599;B
20240201;104225;56.890000000;100;9501416600;B
20240201;104225;56.890000000;200;9501416601;B
20240201;104225;56.890000000;100;9501416602;B
20240201;104225;56.880000000;200;9501416603;S
20240201;104225;56.890000000;2000;9501416654;B
20240201;104225;56.890000000;4000;9501416710;B
20240201;104225;56.890000000;11600;9501416725;B
20240201;104225;56.890000000;100;9501416726;B
20240201;104225;56.890000000;1000;9501416727;B
20240201;104225;56.890000000;7300;9501416728;B
20240201;104225;56.890000000;200;9501416729;B
20240201;104225;56.890000000;100;9501416738;B
20240201;104225;56.895000000;100;9501416739;B
20240201;104225;56.895000000;100;9501416740;B
20240201;104225;56.895000000;100;9501416741;B
20240201;104225;56.895000000;100;9501416742;B
20240201;104225;56.895000000;1500;9501416743;B
20240201;104226;56.890000000;100;9501416763;S
20240201;104226;56.895000000;1500;9501416780;B
20240201;104226;56.895000000;100;9501416781;B
20240201;104226;56.895000000;100;9501416782;B
20240201;104226;56.895000000;100;9501416783;B
20240201;104226;56.895000000;1400;9501416784;B
20240201;104226;56.900000000;100;9501416785;B
20240201;104226;56.900000000;100;9501416786;B
20240201;104226;56.900000000;500;9501416787;B
20240201;104226;56.900000000;100;9501416788;B
20240201;104226;56.900000000;1000;9501416789;B
20240201;104226;56.900000000;10000;9501416790;B
20240201;104226;56.900000000;200;9501416791;B
20240201;104226;56.900000000;32700;9501416792;B
20240201;104226;56.900000000;2100;9501416793;B
20240201;104226;56.900000000;4000;9501416795;B
20240201;104226;56.900000000;3900;9501416805;B
20240201;104226;56.900000000;100;9501416806;B
