<DATE>;<TIME>;<LAST>;<VOL>;<ID>;<OPER>
20240227;095939;61.29;200;9702582736;S
20240227;095939;61.29;100;9702582737;S
20240227;095939;61.29;200;9702582738;S
20240227;095939;61.29;100;9702582739;S
20240227;095939;61.29;100;9702582740;B
20240227;095939;61.29;100;9702582741;B
20240227;095939;61.29;400;9702582742;B
20240227;095939;61.29;100;9702582743;B
20240227;095939;61.29;100;9702582744;B
20240227;095939;61.29;100;9702582745;B
20240227;095939;61.29;100;9702582746;S
20240227;095939;61.29;100;9702582747;S
20240227;095939;61.29;100;9702582748;B
20240227;095939;61.29;100;9702582749;S
20240227;095939;61.29;100;9702582750;B
20240227;095939;61.29;400;9702582751;S
20240227;095939;61.29;200;9702582752;B
20240227;095939;61.29;800;9702582753;B
20240227;095939;61.29;200;9702582754;S
20240227;095939;61.29;200;9702582755;S
20240227;095939;61.29;100;9702582756;S
20240227;095939;61.29;100;9702582757;S
20240227;095939;61.29;200;9702582758;S
20240227;095939;61.29;300;9702582759;S
20240227;095939;61.29;100;9702582760;S
20240227;095939;61.29;700;9702582761;B
20240227;095939;61.29;1000;9702582762;S
20240227;095939;61.29;900;9702582763;S
20240227;095939;61.29;100;9702582764;S
20240227;095939;61.29;100;9702582765;S
20240227;095939;61.29;500;9702582766;S
20240227;095939;61.29;500;9702582767;S
20240227;095939;61.29;300;9702582768;S
20240227;100000;61.29;4000;9702588193;B
20240227;100000;61.285;200;9702588286;S
20240227;100000;61.25;1000;9702589036;S
20240227;100001;61.25;300;9702589876;S
20240227;100001;61.245;700;9702589877;S
20240227;100001;61.28;100;9702590116;B
20240227;100001;61.28;400;9702590117;S
20240227;100001;61.245;600;9702590763;S
20240227;100002;61.24;1000;9702591241;S
20240227;100002;61.24;300;9702591304;S
20240227;100002;61.21;100;9702591305;S
20240227;100002;61.2;100;9702591306;S
20240227;100003;61.205;200;9702592294;S
20240227;100003;61.2;1000;9702592295;S
20240227;100004;61.14;4700;9702592760;B
20240227;100004;61.13;3000;9702592762;S
20240227;100004;61.125;200;9702592763;S
20240227;100004;61.12;200;9702592764;S
20240227;100004;61.12;1400;9702592765;S
20240227;100004;61.115;100;9702592795;S
20240227;100004;61.22;100;9702592797;B
20240227;100005;61.215;100;9702593434;B
20240227;100005;61.125;100;9702593510;S
20240227;100005;61.215;100;9702593756;B
20240227;100005;61.215;100;9702593837;B
20240227;100006;61.215;200;9702594117;B
20240227;100006;61.125;200;9702594376;S
20240227;100006;61.23;500;9702595034;B
20240227;100006;61.235;200;9702595035;B
20240227;100006;61.235;4500;9702595036;B
20240227;100006;61.235;1800;9702595037;B
20240227;100006;61.135;800;9702595270;S
20240227;100006;61.135;100;9702595303;S
20240227;100006;61.14;7100;9702595346;B
20240227;100006;61.135;200;9702595669;S
20240227;100007;61.235;800;9702596094;B
20240227;100007;61.235;200;9702596115;B
20240227;100007;61.145;1100;9702596164;S
20240227;100007;61.23;100;9702596484;B
20240227;100008;61.145;200;9702596883;S
20240227;100010;61.255;200;9702597371;B
20240227;100010;61.25;100;9702597401;B
20240227;100010;61.255;100;9702597402;B
20240227;100010;61.26;100;9702597403;B
20240227;100010;61.145;100;9702597505;S
20240227;100011;61.215;100;9702597735;B
20240227;100011;61.255;100;9702597852;B
20240227;100011;61.26;3500;9702597853;B
20240227;100011;61.26;2400;9702597854;B
20240227;100011;61.26;1100;9702597855;B
20240227;100011;61.265;100;9702597856;B
20240227;100011;61.26;100;9702597909;B
20240227;100011;61.26;200;9702597982;B
20240227;100011;61.265;600;9702597983;B
20240227;100011;61.27;200;9702598068;B
20240227;100011;61.28;3800;9702598069;B
20240227;100011;61.28;900;9702598087;B
20240227;100015;61.275;300;9702599318;B
20240227;100015;61.28;800;9702599319;B
20240227;100016;61.28;1400;9702599503;B
20240227;100016;61.17;200;9702599653;S
20240227;100016;61.155;1400;9702599654;S
20240227;100017;61.145;100;9702599671;S
20240227;100017;61.225;100;9702599870;B
20240227;100017;61.23;1400;9702599871;B
20240227;100017;61.235;1000;9702599872;B
20240227;100020;61.145;100;9702600600;S
20240227;100024;61.19;100;9702601727;B
20240227;100026;61.135;1600;9702602189;S
20240227;100028;61.145;900;9702602624;S
20240227;100030;61.145;800;9702603133;S
20240227;100030;61.145;2800;9702603134;S
20240227;100030;61.145;300;9702603135;S
20240227;100031;61.12;200;9702603432;S
20240227;100031;61.12;200;9702603433;S
20240227;100031;61.12;1600;9702603434;B
20240227;100031;61.12;900;9702603435;B
20240227;100032;61.115;100;9702603752;S
20240227;100032;61.115;2400;9702603753;S
20240227;100034;61.12;300;9702604240;S
20240227;100034;61.12;300;9702604242;B
20240227;100034;61.115;3000;9702604467;S
20240227;100035;61.11;500;9702605015;S
20240227;100035;61.11;1100;9702605016;S
20240227;100040;61.125;100;9702606419;B
20240227;100040;61.175;200;9702606420;B
20240227;100041;61.12;300;9702606657;S
20240227;100041;61.115;2100;9702606658;S
20240227;100041;61.115;3300;9702606659;S
20240227;100041;61.115;2200;9702606660;S
20240227;100044;61.12;200;9702607221;S
20240227;100048;61.12;100;9702608491;S
20240227;100057;61.15;300;9702610794;S
20240227;100057;61.145;300;9702610795;S
20240227;100059;61.155;100;9702611469;B
20240227;100100;61.15;300;9702611528;S
20240227;100100;61.145;200;9702611617;S
20240227;100100;61.145;800;9702611618;S
20240227;100100;61.14;100;9702611619;S
20240227;100100;61.14;300;9702611621;S
20240227;100101;61.14;1700;9702611820;S
20240227;100101;61.14;1200;9702611821;S
20240227;100101;61.14;300;9702611822;S
20240227;100102;61.135;1000;9702612065;S
20240227;100102;61.135;500;9702612066;S
20240227;100102;61.135;4000;9702612067;S
20240227;100105;61.14;300;9702613026;S
20240227;100105;61.14;1200;9702613027;S
20240227;100108;61.135;100;9702614078;S
20240227;100110;61.14;500;9702614518;S
20240227;100114;61.16;1100;9702615338;B
20240227;100118;61.165;100;9702616082;B
20240227;100122;61.165;100;9702617022;B
20240227;100124;61.15;100;9702617475;S
20240227;100126;61.15;200;9702617739;S
20240227;100126;61.15;300;9702617740;S
20240227;100136;61.155;3300;9702619887;S
20240227;100136;61.155;1600;9702619888;S
20240227;100146;61.165;100;9702621623;S
20240227;100146;61.165;100;9702621773;S
20240227;100147;61.165;100;9702621953;S
20240227;100149;61.165;100;9702622513;S
20240227;100149;61.165;1100;9702622562;S
20240227;100152;61.165;400;9702623015;S
20240227;100152;61.165;100;9702623076;S
20240227;100159;61.17;100;9702624175;S
20240227;100202;61.17;400;9702624877;S
20240227;100210;61.18;2000;9702626609;B
20240227;100211;61.17;100;9702626730;S
20240227;100211;61.17;100;9702626731;S
20240227;100211;61.17;1600;9702626921;S
20240227;100212;61.18;2800;9702627108;B
20240227;100212;61.18;2200;9702627109;B
20240227;100213;61.17;1000;9702627382;S
20240227;100214;61.165;500;9702627608;S
20240227;100215;61.175;200;9702627737;B
20240227;100215;61.165;200;9702627760;S
20240227;100215;61.165;100;9702627799;S
20240227;100216;61.165;300;9702627911;S
20240227;100216;61.165;100;9702628036;S
20240227;100218;61.17;100;9702628485;S
20240227;100219;61.17;500;9702628863;S
20240227;100221;61.17;300;9702629412;S
20240227;100224;61.17;100;9702630019;B
20240227;100224;61.17;3000;9702630020;B
20240227;100224;61.175;4600;9702630021;B
20240227;100224;61.175;300;9702630022;B
20240227;100224;61.175;4800;9702630023;S
20240227;100224;61.175;4800;9702630024;S
20240227;100224;61.175;2400;9702630026;S
20240227;100224;61.175;300;9702630027;S
20240227;100225;61.175;100;9702630249;B
20240227;100227;61.175;100;9702630772;B
20240227;100228;61.17;400;9702630978;S
20240227;100229;61.175;100;9702631088;B
20240227;100231;61.175;500;9702631809;S
20240227;100236;61.18;100;9702632816;B
20240227;100236;61.18;1900;9702632817;B
20240227;100238;61.19;200;9702633151;B
20240227;100238;61.19;3000;9702633152;B
20240227;100238;61.195;100;9702633153;B
20240227;100238;61.195;200;9702633154;B
20240227;100238;61.2;400;9702633155;B
20240227;100238;61.205;200;9702633156;B
20240227;100238;61.235;100;9702633157;B
20240227;100238;61.245;1300;9702633158;B
20240227;100240;61.235;400;9702633334;B
20240227;100240;61.235;3000;9702633335;B
20240227;100240;61.235;1500;9702633336;B
20240227;100240;61.24;600;9702633337;B
20240227;100241;61.235;300;9702633577;B
20240227;100241;61.235;1400;9702633742;B
20240227;100241;61.235;3000;9702633743;B
20240227;100241;61.24;1100;9702633744;B
20240227;100243;61.24;3100;9702633971;B
20240227;100243;61.24;2400;9702633972;B
20240227;100244;61.235;4800;9702634117;B
20240227;100244;61.235;700;9702634118;B
20240227;100245;61.23;4800;9702634228;B
20240227;100245;61.23;700;9702634229;B
20240227;100245;61.225;4800;9702634352;B
20240227;100245;61.225;700;9702634353;B
20240227;100246;61.205;1000;9702634444;S
20240227;100246;61.22;4200;9702634445;B
20240227;100246;61.22;400;9702634446;B
20240227;100246;61.23;400;9702634447;B
20240227;100246;61.27;300;9702634448;B
20240227;100246;61.28;200;9702634449;B
20240227;100248;61.26;1700;9702634854;B
20240227;100248;61.265;5800;9702634855;B
20240227;100248;61.26;1600;9702634914;B
20240227;100248;61.265;3900;9702634915;B
20240227;100249;61.265;300;9702635063;B
20240227;100249;61.28;400;9702635064;B
20240227;100249;61.285;3000;9702635065;B
20240227;100249;61.29;700;9702635066;B
20240227;100249;61.295;300;9702635067;B
20240227;100249;61.295;1100;9702635068;S
20240227;100249;61.295;1400;9702635069;S
20240227;100249;61.295;300;9702635070;S
20240227;100250;61.29;100;9702635173;B
20240227;100250;61.29;1200;9702635174;B
20240227;100250;61.295;1000;9702635175;B
20240227;100250;61.3;100;9702635176;B
20240227;100250;61.3;400;9702635177;B
20240227;100250;61.3;400;9702635178;B
20240227;100250;61.31;2300;9702635179;S
20240227;100250;61.305;500;9702635253;B
20240227;100251;61.305;100;9702635430;B
20240227;100255;61.26;100;9702636092;S
20240227;100255;61.26;700;9702636093;S
20240227;100255;61.255;200;9702636094;S
20240227;100304;61.295;300;9702637571;B
20240227;100304;61.295;1200;9702637572;S
20240227;100306;61.3;300;9702638078;B
20240227;100306;61.305;400;9702638079;B
20240227;100308;61.305;200;9702638528;B
20240227;100309;61.305;100;9702638799;B
20240227;100309;61.305;500;9702638800;B
20240227;100309;61.31;2000;9702638801;B
20240227;100309;61.31;2000;9702638802;B
20240227;100309;61.31;300;9702638803;B
20240227;100309;61.315;100;9702638804;B
20240227;100309;61.32;500;9702638805;B
20240227;100309;61.325;200;9702638806;B
20240227;100309;61.33;2600;9702638807;B
20240227;100309;61.33;200;9702638808;B
20240227;100309;61.33;1500;9702638809;B
20240227;100310;61.305;700;9702639064;S
20240227;100310;61.305;300;9702639065;S
20240227;100310;61.305;200;9702639128;S
20240227;100334;61.275;500;9702644081;S
20240227;100340;61.275;1600;9702645262;S
20240227;100340;61.275;100;9702645263;S
20240227;100401;61.275;100;9702649212;S
20240227;100401;61.275;1500;9702649213;S
20240227;100401;61.275;300;9702649214;S
20240227;100401;61.27;800;9702649215;S
20240227;100401;61.27;1000;9702649380;S
20240227;100403;61.275;400;9702649772;B
20240227;100405;61.275;2000;9702650063;B
20240227;100405;61.27;200;9702650071;S
20240227;100407;61.275;100;9702650545;B
20240227;100409;61.3;200;9702650875;B
20240227;100409;61.3;100;9702650876;B
20240227;100409;61.3;300;9702650877;B
20240227;100409;61.305;300;9702650878;B
20240227;100409;61.305;700;9702650879;B
20240227;100409;61.31;2000;9702650880;B
20240227;100409;61.315;1000;9702650881;S
20240227;100409;61.315;400;9702650882;S
20240227;100409;61.29;1500;9702650903;S
20240227;100409;61.285;300;9702650904;S
20240227;100409;61.285;300;9702650905;S
20240227;100413;61.295;100;9702651647;S
20240227;100413;61.295;500;9702651648;B
20240227;100418;61.3;100;9702652867;B
20240227;100421;61.32;5000;9702653613;B
20240227;100421;61.325;600;9702653614;B
20240227;100421;61.325;300;9702653615;B
20240227;100421;61.33;100;9702653616;B
20240227;100424;61.305;300;9702654188;S
20240227;100424;61.305;700;9702654189;S
20240227;100427;61.325;200;9702654763;B
20240227;100427;61.33;2800;9702654764;B
20240227;100427;61.31;1000;9702654768;S
20240227;100442;61.32;100;9702658005;S
20240227;100442;61.31;200;9702658006;S
20240227;100446;61.32;300;9702658881;B
20240227;100446;61.32;200;9702658882;B
20240227;100449;61.32;3100;9702659525;B
20240227;100449;61.32;3300;9702659526;B
20240227;100449;61.325;500;9702659527;B
20240227;100449;61.325;5000;9702659528;B
20240227;100449;61.325;200;9702659529;B
20240227;100449;61.325;300;9702659530;B
20240227;100449;61.33;400;9702659531;B
20240227;100449;61.33;5000;9702659532;B
20240227;100449;61.33;200;9702659533;B
20240227;100450;61.305;500;9702659693;S
20240227;100450;61.325;200;9702659731;B
20240227;100450;61.33;800;9702659732;B
20240227;100450;61.335;300;9702659733;B
20240227;100450;61.34;5000;9702659734;B
20240227;100450;61.35;500;9702659735;B
20240227;100450;61.355;1200;9702659736;B
20240227;100451;61.35;100;9702659812;B
20240227;100451;61.315;2000;9702659833;S
20240227;100451;61.345;2000;9702659899;B
20240227;100452;61.31;800;9702660138;S
20240227;100452;61.31;200;9702660139;S
20240227;100458;61.325;300;9702661147;S
20240227;100458;61.31;200;9702661173;S
20240227;100501;61.325;600;9702661707;B
20240227;100502;61.305;100;9702661887;S
20240227;100502;61.305;200;9702661888;S
20240227;100502;61.3;100;9702661889;S
20240227;100502;61.3;100;9702661890;S
20240227;100502;61.295;3300;9702661891;S
20240227;100502;61.295;3300;9702661892;S
20240227;100502;61.295;1400;9702661893;S
20240227;100502;61.29;2000;9702661894;S
20240227;100506;61.28;1000;9702662812;S
20240227;100508;61.275;5000;9702663276;S
20240227;100513;61.285;200;9702664225;B
20240227;100513;61.27;5000;9702664253;S
20240227;100516;61.28;200;9702664847;B
20240227;100519;61.27;2000;9702665357;S
20240227;100524;61.27;1000;9702666531;S
20240227;100528;61.28;200;9702667608;B
20240227;100535;61.27;300;9702668973;S
20240227;100536;61.27;100;9702669130;S
20240227;100536;61.27;900;9702669131;S
20240227;100540;61.285;300;9702670135;B
20240227;100540;61.29;3300;9702670136;B
20240227;100540;61.29;3300;9702670137;B
20240227;100540;61.29;200;9702670138;B
20240227;100540;61.295;2900;9702670139;B
20240227;100546;61.29;100;9702671084;B
20240227;100547;61.265;300;9702671317;S
20240227;100547;61.26;100;9702671318;S
20240227;100547;61.26;100;9702671319;S
20240227;100547;61.26;2600;9702671320;S
20240227;100547;61.26;100;9702671321;S
20240227;100547;61.26;1400;9702671322;S
20240227;100547;61.26;100;9702671323;S
20240227;100547;61.255;100;9702671324;S
20240227;100547;61.255;100;9702671325;S
20240227;100547;61.255;2600;9702671326;S
20240227;100554;61.265;300;9702672420;B
20240227;100612;61.26;200;9702675387;S
20240227;100617;61.26;300;9702676276;S
20240227;100617;61.26;200;9702676277;S
20240227;100625;61.26;700;9702677477;S
20240227;100625;61.265;7200;9702677478;B
20240227;100625;61.275;300;9702677479;B
20240227;100625;61.265;300;9702677480;S
20240227;100625;61.265;700;9702677481;S
20240227;100626;61.27;200;9702677682;S
20240227;100626;61.28;3300;9702677729;B
20240227;100626;61.28;3300;9702677730;B
20240227;100626;61.28;3300;9702677731;B
20240227;100626;61.28;3300;9702677733;B
20240227;100626;61.28;2400;9702677734;B
20240227;100627;61.285;1000;9702677877;B
20240227;100628;61.285;6500;9702677943;B
20240227;100628;61.28;500;9702677973;S
20240227;100628;61.295;1000;9702677997;B
20240227;100629;61.295;27600;9702678079;B
20240227;100629;61.295;300;9702678080;B
20240227;100629;61.3;2000;9702678081;B
20240227;100629;61.3;500;9702678082;B
20240227;100629;61.3;7500;9702678083;B
20240227;100629;61.3;800;9702678084;B
20240227;100629;61.315;3000;9702678158;B
20240227;100629;61.315;400;9702678159;B
20240227;100630;61.31;100;9702678246;S
20240227;100630;61.32;1000;9702678249;B
20240227;100631;61.32;100;9702678374;B
20240227;100631;61.32;6400;9702678410;B
20240227;100631;61.32;300;9702678411;B
20240227;100631;61.315;2000;9702678412;S
20240227;100631;61.315;1000;9702678413;S
20240227;100631;61.315;1000;9702678414;S
20240227;100631;61.325;200;9702678415;B
20240227;100631;61.32;1000;9702678416;S
20240227;100631;61.32;500;9702678417;S
20240227;100631;61.32;500;9702678418;S
20240227;100632;61.32;500;9702678557;S
20240227;100632;61.32;2500;9702678558;S
20240227;100632;61.32;800;9702678559;S
20240227;100632;61.32;200;9702678560;S
20240227;100632;61.32;800;9702678577;S
20240227;100632;61.32;3200;9702678578;S
20240227;100633;61.325;100;9702678726;B
20240227;100641;61.33;5300;9702679779;B
20240227;100641;61.33;5000;9702679780;B
20240227;100641;61.33;900;9702679781;B
20240227;100641;61.335;7500;9702679782;B
20240227;100641;61.335;300;9702679783;B
20240227;100641;61.345;1700;9702679784;B
20240227;100641;61.35;1000;9702679785;B
20240227;100641;61.35;4100;9702679786;B
20240227;100641;61.355;4200;9702679787;B
20240227;100643;61.35;200;9702680102;B
20240227;100643;61.355;1400;9702680103;B
20240227;100645;61.355;1900;9702680432;B
20240227;100647;61.35;100;9702680697;S
20240227;100647;61.345;1500;9702680698;S
20240227;100647;61.335;1000;9702680699;S
20240227;100647;61.335;3300;9702680700;S
20240227;100647;61.335;1400;9702680701;S
20240227;100650;61.36;300;9702681308;B
20240227;100650;61.36;100;9702681309;B
20240227;100650;61.365;100;9702681310;B
20240227;100650;61.365;500;9702681311;B
20240227;100654;61.36;100;9702681974;B
20240227;100656;61.36;200;9702682258;B
20240227;100700;61.36;100;9702682850;B
20240227;100704;61.36;1000;9702683403;B
20240227;100707;61.36;100;9702683970;B
20240227;100709;61.36;200;9702684394;B
20240227;100712;61.35;300;9702684859;B
20240227;100717;61.33;3000;9702685513;S
20240227;100719;61.34;300;9702685833;B
20240227;100721;61.345;100;9702686268;B
20240227;100727;61.33;2000;9702686978;S
20240227;100727;61.33;100;9702687005;S
20240227;100727;61.34;400;9702687006;S
20240227;100728;61.34;300;9702687181;B
20240227;100728;61.345;3200;9702687182;B
20240227;100728;61.345;1500;9702687183;B
20240227;100732;61.33;3000;9702687671;S
20240227;100733;61.335;10000;9702687827;S
20240227;100733;61.335;10000;9702687828;S
20240227;100733;61.33;100;9702687829;S
20240227;100733;61.31;1000;9702687855;S
20240227;100734;61.29;1000;9702687906;S
20240227;100736;61.31;100;9702688364;B
20240227;100737;61.28;300;9702688572;S
20240227;100737;61.28;200;9702688573;S
20240227;100737;61.295;300;9702688610;B
20240227;100744;61.3;300;9702690183;B
20240227;100744;61.3;2000;9702690184;B
20240227;100744;61.31;900;9702690185;B
20240227;100744;61.31;1000;9702690186;B
20240227;100744;61.32;1600;9702690187;B
20240227;100744;61.3;1000;9702690189;S
20240227;100744;61.295;4000;9702690190;S
20240227;100744;61.3;1000;9702690191;S
20240227;100745;61.29;300;9702690294;S
20240227;100745;61.285;200;9702690295;S
20240227;100747;61.275;200;9702690537;S
20240227;100747;61.275;200;9702690612;S
20240227;100756;61.275;100;9702692024;S
20240227;100757;61.275;2000;9702692363;S
20240227;100800;61.27;2000;9702692809;S
20240227;100802;61.28;1000;9702693208;B
20240227;100806;61.28;1000;9702694087;B
20240227;100811;61.275;100;9702694927;S
20240227;100812;61.27;700;9702695186;S
20240227;100812;61.27;200;9702695187;S
20240227;100814;61.275;1600;9702695466;B
20240227;100816;61.27;100;9702695934;S
20240227;100817;61.27;100;9702696119;S
20240227;100817;61.265;8900;9702696120;S
20240227;100821;61.275;200;9702697042;B
20240227;100822;61.275;200;9702697166;B
20240227;100823;61.275;300;9702697423;B
20240227;100824;61.275;1300;9702697642;B
20240227;100824;61.285;200;9702697643;B
20240227;100827;61.265;2000;9702698347;S
20240227;100830;61.265;2000;9702698932;S
20240227;100830;61.265;100;9702698985;S
20240227;100833;61.265;2000;9702699402;S
20240227;100835;61.27;100;9702699720;B
20240227;100836;61.265;2000;9702699982;S
20240227;100839;61.265;500;9702700533;S
20240227;100842;61.27;500;9702701085;B
20240227;100844;61.265;1000;9702701277;S
20240227;100844;61.265;1000;9702701278;S
20240227;100844;61.265;3000;9702701279;S
20240227;100844;61.265;2000;9702701280;S
20240227;100844;61.265;2000;9702701281;S
20240227;100844;61.265;1000;9702701282;S
20240227;100844;61.265;1000;9702701283;S
20240227;100847;61.27;100;9702702142;B
20240227;100848;61.27;100;9702702319;B
20240227;100853;61.265;2000;9702703034;S
20240227;100853;61.265;7000;9702703035;S
20240227;100853;61.265;12500;9702703124;S
20240227;100853;61.265;500;9702703125;S
20240227;100853;61.265;1500;9702703126;S
20240227;100853;61.26;100;9702703127;S
20240227;100853;61.26;10000;9702703128;S
20240227;100853;61.26;1000;9702703129;S
20240227;100853;61.26;2500;9702703130;S
20240227;100853;61.26;200;9702703131;S
20240227;100853;61.26;500;9702703132;S
20240227;100853;61.255;7500;9702703133;S
20240227;100853;61.255;400;9702703134;S
20240227;100856;61.255;100;9702703690;S
20240227;100857;61.255;100;9702703772;S
20240227;100859;61.26;100;9702704050;B
20240227;100859;61.26;1000;9702704051;B
20240227;100859;61.265;500;9702704052;B
20240227;100859;61.265;300;9702704053;B
20240227;100905;61.26;100;9702705030;S
20240227;100905;61.26;100;9702705031;S
20240227;100909;61.255;4400;9702705816;S
20240227;100909;61.255;1000;9702705817;S
20240227;100909;61.25;1600;9702705818;S
20240227;100909;61.25;2500;9702705819;S
20240227;100909;61.25;300;9702705820;S
20240227;100909;61.25;6200;9702705821;S
20240227;100909;61.25;600;9702705832;S
20240227;100910;61.25;2500;9702705909;S
20240227;100910;61.25;100;9702706091;S
20240227;100911;61.25;5100;9702706124;S
20240227;100911;61.25;100;9702706131;S
20240227;100911;61.25;100;9702706194;S
20240227;100911;61.25;100;9702706294;S
20240227;100911;61.25;100;9702706315;S
20240227;100912;61.25;500;9702706382;S
20240227;100912;61.25;1000;9702706436;S
20240227;100913;61.25;200;9702706610;S
20240227;100913;61.25;2500;9702706655;S
20240227;100913;61.25;1100;9702706669;S
20240227;100913;61.25;200;9702706682;S
20240227;100913;61.25;300;9702706726;S
20240227;100913;61.25;1600;9702706859;S
20240227;100919;61.25;100;9702708366;S
20240227;100919;61.25;100;9702708443;S
20240227;100920;61.25;1000;9702708547;S
20240227;100920;61.25;220000;9702708581;S
20240227;100920;61.25;2200;9702708582;S
20240227;100920;61.25;400;9702708583;S
20240227;100920;61.25;4400;9702708584;S
20240227;100920;61.25;3100;9702708677;S
20240227;100920;61.25;1400;9702708678;S
20240227;100920;61.25;16600;9702708679;S
20240227;100921;61.25;100;9702708802;S
20240227;100921;61.25;14000;9702708803;S
20240227;100921;61.25;100;9702708849;S
20240227;100921;61.25;300;9702708850;S
20240227;100921;61.25;100;9702708852;S
20240227;100921;61.25;5000;9702708854;S
20240227;100921;61.25;20000;9702708855;S
20240227;100921;61.25;30000;9702708926;S
20240227;100922;61.25;20000;9702708939;S
20240227;100922;61.25;6000;9702708942;S
20240227;100922;61.25;100;9702708970;S
20240227;100922;61.25;25000;9702709004;S
20240227;100922;61.25;700;9702709029;S
20240227;100922;61.25;100;9702709030;S
20240227;100922;61.25;25000;9702709049;S
20240227;100922;61.25;100;9702709050;S
20240227;100922;61.25;2000;9702709085;S
20240227;100923;61.25;100;9702709110;S
20240227;100923;61.25;2000;9702709122;S
20240227;100923;61.25;100;9702709130;S
20240227;100923;61.25;1000;9702709133;S
20240227;100923;61.25;500;9702709189;S
20240227;100924;61.25;600;9702709298;S
20240227;100925;61.25;600;9702709547;S
20240227;100925;61.25;200;9702709565;S
20240227;100926;61.25;300;9702709628;S
20240227;100928;61.25;1300;9702710083;S
20240227;100928;61.25;1200;9702710084;S
20240227;100928;61.25;1000;9702710085;S
20240227;100930;61.255;100;9702710438;B
20240227;100930;61.25;29000;9702710454;S
20240227;100930;61.25;100;9702710547;S
20240227;100930;61.25;100;9702710574;S
20240227;100930;61.25;600;9702710575;S
20240227;100932;61.25;3000;9702710810;S
20240227;100932;61.25;200;9702710811;S
20240227;100933;61.25;100;9702711088;S
20240227;100933;61.25;3800;9702711097;S
20240227;100933;61.25;200;9702711151;S
20240227;100934;61.25;100;9702711187;S
20240227;100934;61.25;100;9702711188;S
20240227;100934;61.25;5000;9702711291;S
20240227;100936;61.25;100;9702711601;S
20240227;100937;61.25;1700;9702711685;S
20240227;100937;61.255;500;9702711691;B
20240227;100937;61.25;81600;9702711716;S
20240227;100937;61.25;1800;9702711717;S
20240227;100937;61.25;100;9702711724;S
20240227;100937;61.25;100;9702711725;S
20240227;100937;61.25;200;9702711729;S
20240227;100937;61.25;400;9702711804;S
20240227;100937;61.25;15000;9702711815;S
20240227;100938;61.25;400;9702711931;S
20240227;100938;61.25;1600;9702712028;S
20240227;100938;61.25;200;9702712044;S
20240227;100939;61.25;2000;9702712061;S
20240227;100939;61.25;300;9702712158;S
20240227;100939;61.25;2000;9702712171;S
20240227;100940;61.25;5000;9702712296;S
20240227;100940;61.25;100;9702712315;S
20240227;100940;61.25;100;9702712348;S
20240227;100940;61.25;900;9702712349;S
20240227;100940;61.25;100;9702712467;S
20240227;100940;61.25;900;9702712468;S
20240227;100941;61.25;200;9702712576;S
20240227;100941;61.25;81600;9702712628;S
20240227;100941;61.25;1000;9702712744;S
20240227;100941;61.25;100;9702712745;S
20240227;100942;61.25;2000;9702712813;S
20240227;100942;61.25;1300;9702712849;S
20240227;100942;61.25;5000;9702712855;S
20240227;100942;61.25;100;9702712856;S
20240227;100942;61.25;300;9702712869;S
20240227;100942;61.25;3100;9702712931;S
20240227;100942;61.25;300;9702712932;S
20240227;100942;61.25;10000;9702712933;S
20240227;100942;61.25;5000;9702712937;S
20240227;100942;61.25;200;9702712940;S
20240227;100942;61.25;5000;9702712971;S
20240227;100942;61.25;17000;9702712975;S
20240227;100942;61.25;100;9702712976;S
20240227;100943;61.25;200;9702713020;S
20240227;100943;61.25;500;9702713033;S
20240227;100943;61.25;4600;9702713036;S
20240227;100943;61.25;2000;9702713037;S
20240227;100943;61.25;100;9702713047;S
20240227;100943;61.25;500;9702713048;S
20240227;100943;61.25;200;9702713063;S
20240227;100943;61.25;8000;9702713071;S
20240227;100943;61.25;200;9702713072;S
20240227;100943;61.25;400;9702713073;S
20240227;100943;61.25;5000;9702713101;S
20240227;100944;61.25;100;9702713248;S
20240227;100944;61.25;75500;9702713280;S
20240227;100944;61.25;400;9702713281;S
20240227;100944;61.25;100;9702713282;S
20240227;100944;61.25;100;9702713283;S
20240227;100944;61.25;300;9702713284;S
20240227;100944;61.2;1000;9702713371;S
20240227;100944;61.2;200;9702713372;S
20240227;100944;61.2;400;9702713373;S
20240227;100944;61.195;2100;9702713374;S
20240227;100944;61.19;200;9702713375;S
20240227;100944;61.19;100;9702713376;S
20240227;100944;61.19;7000;9702713377;S
20240227;100944;61.19;100;9702713385;S
20240227;100945;61.205;100;9702713527;B
20240227;100948;61.2;400;9702713999;B
20240227;100948;61.205;1600;9702714000;B
20240227;100948;61.205;800;9702714001;B
20240227;100948;61.225;100;9702714054;B
20240227;100952;61.23;100;9702714976;B
20240227;100952;61.23;1000;9702714977;B
20240227;100952;61.23;1000;9702714978;B
20240227;100952;61.235;1000;9702714979;B
20240227;100952;61.235;1000;9702714980;B
20240227;100952;61.24;1800;9702714981;B
20240227;100952;61.24;3300;9702714982;B
20240227;100952;61.245;1000;9702714983;B
20240227;100952;61.245;14800;9702714984;B
20240227;100957;61.23;500;9702716271;S
20240227;101006;61.225;200;9702718487;S
20240227;101008;61.225;600;9702718867;S
20240227;101008;61.23;1000;9702718946;B
20240227;101008;61.24;1000;9702718947;B
20240227;101008;61.24;1900;9702718948;B
20240227;101008;61.245;2700;9702718949;B
20240227;101008;61.245;1000;9702718950;B
20240227;101008;61.245;2400;9702718951;B
20240227;101010;61.225;1000;9702719361;S
20240227;101011;61.225;1000;9702719598;S
20240227;101014;61.225;1700;9702720844;S
20240227;101014;61.225;300;9702720845;S
20240227;101014;61.225;200;9702720846;S
20240227;101014;61.225;200;9702720847;S
20240227;101014;61.225;500;9702720848;S
20240227;101014;61.225;1100;9702720849;S
20240227;101014;61.225;900;9702720856;S
20240227;101014;61.225;100;9702720857;S
20240227;101018;61.225;100;9702721631;S
20240227;101018;61.225;600;9702721632;S
20240227;101020;61.245;400;9702721926;B
20240227;101020;61.25;1800;9702721927;B
20240227;101022;61.255;500;9702722224;B
20240227;101030;61.25;600;9702723947;S
20240227;101030;61.255;200;9702724021;B
20240227;101035;61.25;3800;9702724764;S
20240227;101035;61.255;400;9702724766;B
20240227;101036;61.255;1200;9702725060;B
20240227;101036;61.255;1300;9702725061;B
20240227;101036;61.255;100;9702725062;B
20240227;101036;61.26;1300;9702725063;B
20240227;101036;61.265;1000;9702725064;B
20240227;101036;61.265;1100;9702725065;B
20240227;101038;61.265;100;9702725578;B
20240227;101041;61.26;100;9702726219;S
20240227;101045;61.26;300;9702727006;S
20240227;101045;61.255;200;9702727007;S
20240227;101045;61.255;4800;9702727008;S
20240227;101045;61.255;200;9702727009;S
20240227;101045;61.255;1000;9702727020;B
20240227;101103;61.25;100;9702729666;S
20240227;101104;61.25;7500;9702729835;S
20240227;101107;61.25;1000;9702730497;S
20240227;101108;61.255;1000;9702730573;B
20240227;101108;61.255;1300;9702730574;B
20240227;101108;61.255;3000;9702730575;B
20240227;101108;61.255;3300;9702730576;B
20240227;101108;61.255;3300;9702730577;B
20240227;101108;61.255;1000;9702730578;B
20240227;101108;61.255;1000;9702730579;B
20240227;101119;61.255;600;9702732572;S
20240227;101122;61.255;3800;9702733167;S
20240227;101125;61.255;1500;9702733612;S
20240227;101127;61.255;1000;9702734024;S
20240227;101139;61.26;1300;9702735543;B
20240227;101139;61.26;200;9702735544;B
20240227;101139;61.26;3300;9702735545;B
20240227;101139;61.26;200;9702735546;B
20240227;101140;61.255;9200;9702735667;S
20240227;101140;61.25;200;9702735773;S
20240227;101145;61.25;1900;9702736413;S
20240227;101145;61.25;400;9702736414;S
20240227;101145;61.25;100;9702736417;S
20240227;101146;61.25;2900;9702736486;S
20240227;101146;61.25;100;9702736541;S
20240227;101146;61.25;2500;9702736553;S
20240227;101148;61.25;400;9702736809;S
20240227;101148;61.25;100;9702736810;S
20240227;101148;61.25;100;9702736823;S
20240227;101148;61.25;500;9702736857;S
20240227;101149;61.255;1000;9702737018;B
20240227;101154;61.25;100;9702737729;S
20240227;101202;61.25;500;9702738694;S
20240227;101202;61.25;500;9702738695;S
20240227;101202;61.25;1500;9702738696;S
20240227;101202;61.25;2000;9702738697;S
20240227;101202;61.25;100;9702738698;S
20240227;101203;61.24;100;9702738841;S
20240227;101203;61.24;100;9702738854;S
20240227;101203;61.205;600;9702739001;S
20240227;101213;61.21;400;9702740203;S
20240227;101214;61.21;4600;9702740405;S
20240227;101214;61.205;5000;9702740406;S
20240227;101214;61.205;1200;9702740407;S
20240227;101218;61.21;5000;9702740968;S
20240227;101235;61.215;400;9702743601;S
20240227;101236;61.225;3300;9702743891;B
20240227;101236;61.225;3300;9702743892;B
20240227;101237;61.23;600;9702743994;B
20240227;101237;61.23;800;9702743995;B
20240227;101237;61.23;1300;9702743996;B
20240227;101244;61.245;200;9702745156;B
20240227;101245;61.245;100;9702745347;B
20240227;101245;61.245;100;9702745363;S
20240227;101251;61.245;500;9702746290;S
20240227;101302;61.25;6000;9702747959;B
20240227;101302;61.25;100;9702747960;B
20240227;101302;61.255;3400;9702747961;B
20240227;101302;61.255;1900;9702747962;B
20240227;101302;61.255;500;9702747963;B
20240227;101302;61.26;100;9702747964;B
20240227;101302;61.26;1200;9702747965;B
20240227;101305;61.25;1000;9702748605;S
20240227;101308;61.25;500;9702749006;S
20240227;101309;61.265;1500;9702749224;B
20240227;101309;61.25;100;9702749255;S
20240227;101309;61.265;100;9702749298;B
20240227;101315;61.265;3200;9702750253;B
20240227;101315;61.265;2700;9702750254;B
20240227;101317;61.265;1000;9702750427;S
20240227;101322;61.28;200;9702751652;B
20240227;101322;61.28;1300;9702751653;B
20240227;101322;61.285;5500;9702751654;B
20240227;101323;61.285;2000;9702751702;B
20240227;101323;61.285;2000;9702751703;B
20240227;101323;61.285;1300;9702751704;B
20240227;101323;61.285;1000;9702751705;S
20240227;101323;61.285;1500;9702751706;S
20240227;101323;61.28;100;9702751730;S
20240227;101324;61.28;100;9702751992;S
20240227;101324;61.285;200;9702752093;B
20240227;101324;61.285;300;9702752094;B
20240227;101324;61.285;1000;9702752095;B
20240227;101324;61.285;1000;9702752096;S
20240227;101324;61.285;2300;9702752097;S
20240227;101334;61.285;200;9702753724;B
20240227;101334;61.285;500;9702753725;B
20240227;101334;61.285;1000;9702753726;S
20240227;101334;61.285;300;9702753727;S
20240227;101334;61.285;700;9702753728;B
20240227;101334;61.295;5000;9702753819;B
20240227;101334;61.3;300;9702753820;B
20240227;101334;61.3;900;9702753821;B
20240227;101334;61.3;7500;9702753822;B
20240227;101334;61.3;200;9702753823;B
20240227;101334;61.3;1800;9702753824;B
20240227;101334;61.305;1300;9702753825;B
20240227;101334;61.305;3000;9702753826;B
20240227;101335;61.305;100;9702753837;B
20240227;101335;61.285;3000;9702753904;S
20240227;101335;61.285;300;9702753905;S
20240227;101335;61.285;1000;9702753906;S
20240227;101335;61.285;1700;9702753907;B
20240227;101335;61.29;3000;9702753908;S
20240227;101335;61.29;300;9702753909;S
20240227;101335;61.285;2000;9702753910;S
20240227;101336;61.285;500;9702754082;S
20240227;101336;61.285;500;9702754083;S
20240227;101336;61.285;3300;9702754084;S
20240227;101337;61.28;100;9702754207;S
20240227;101338;61.285;100;9702754259;B
20240227;101340;61.28;100;9702754617;S
20240227;101341;61.285;1600;9702754740;B
20240227;101343;61.285;1000;9702754927;B
20240227;101350;61.285;4000;9702755748;B
20240227;101350;61.29;2700;9702755749;B
20240227;101351;61.3;200;9702755930;B
20240227;101351;61.3;4800;9702755953;B
20240227;101351;61.315;1300;9702755954;B
20240227;101351;61.315;6300;9702755955;B
20240227;101351;61.32;2000;9702755956;B
20240227;101351;61.32;2600;9702755957;B
20240227;101352;61.32;300;9702756008;B
20240227;101352;61.31;2700;9702756122;S
20240227;101352;61.31;600;9702756123;S
20240227;101353;61.32;400;9702756237;B
20240227;101404;61.32;100;9702757651;B
20240227;101406;61.32;200;9702757853;B
20240227;101406;61.32;400;9702757854;B
20240227;101406;61.32;3500;9702757855;B
20240227;101406;61.325;300;9702757859;B
20240227;101406;61.335;100;9702757863;B
20240227;101406;61.335;100;9702757864;B
20240227;101406;61.335;7300;9702757865;B
20240227;101406;61.345;100;9702757866;B
20240227;101406;61.345;200;9702757867;B
20240227;101406;61.345;2900;9702757868;B
20240227;101408;61.33;100;9702758333;S
20240227;101411;61.35;1700;9702758616;B
20240227;101422;61.345;100;9702760437;B
20240227;101422;61.345;3300;9702760438;B
20240227;101422;61.35;3300;9702760439;B
20240227;101422;61.35;3900;9702760440;B
20240227;101422;61.355;5700;9702760441;B
20240227;101425;61.345;3000;9702760929;B
20240227;101425;61.345;1000;9702760930;B
20240227;101425;61.35;100;9702760931;B
20240227;101425;61.35;1000;9702760932;B
20240227;101425;61.355;1800;9702760933;B
20240227;101425;61.355;200;9702760934;B
20240227;101425;61.36;100;9702760935;B
20240227;101425;61.36;1000;9702760936;B
20240227;101425;61.36;4000;9702760937;B
20240227;101425;61.36;1600;9702760938;B
20240227;101425;61.36;100;9702760987;S
20240227;101425;61.36;1000;9702761017;S
20240227;101426;61.36;1000;9702761076;S
20240227;101430;61.365;400;9702761768;B
20240227;101432;61.36;100;9702762011;S
20240227;101432;61.365;900;9702762038;B
20240227;101436;61.36;300;9702762541;S
20240227;101440;61.35;300;9702763224;B
20240227;101440;61.355;3300;9702763225;B
20240227;101440;61.355;1300;9702763226;B
20240227;101440;61.355;3300;9702763227;B
20240227;101440;61.36;2700;9702763228;B
20240227;101440;61.36;1300;9702763229;B
20240227;101440;61.36;1000;9702763230;B
20240227;101440;61.36;800;9702763231;B
20240227;101440;61.36;1000;9702763232;B
20240227;101449;61.35;1000;9702764532;B
20240227;101450;61.35;300;9702764830;B
20240227;101457;61.345;1200;9702765854;B
20240227;101501;61.34;200;9702766401;B
20240227;101501;61.33;100;9702766514;S
20240227;101502;61.32;100;9702766579;S
20240227;101502;61.32;100;9702766637;S
20240227;101510;61.3;100;9702768521;S
20240227;101510;61.295;800;9702768522;S
20240227;101510;61.29;1000;9702768523;S
20240227;101510;61.29;900;9702768524;S
20240227;101517;61.31;800;9702770363;B
20240227;101517;61.315;800;9702770364;B
20240227;101525;61.325;200;9702772104;B
20240227;101525;61.325;1200;9702772105;B
20240227;101537;61.285;100;9702774387;S
20240227;101539;61.285;200;9702774838;S
20240227;101554;61.285;100;9702778110;S
20240227;101557;61.285;100;9702778545;B
20240227;101607;61.3;200;9702780331;B
20240227;101611;61.3;100;9702781033;B
20240227;101626;61.28;100;9702783341;S
20240227;101626;61.28;800;9702783342;S
20240227;101628;61.295;1100;9702783659;B
20240227;101631;61.295;600;9702784111;B
20240227;101635;61.3;1400;9702784649;B
20240227;101635;61.3;100;9702784650;B
20240227;101643;61.28;100;9702785675;S
20240227;101643;61.28;200;9702785676;S
20240227;101645;61.295;3600;9702785925;S
20240227;101646;61.3;100;9702786020;B
20240227;101647;61.3;100;9702786143;B
20240227;101647;61.3;100;9702786216;B
20240227;101650;61.3;200;9702786564;B
20240227;101650;61.305;100;9702786565;B
20240227;101650;61.295;200;9702786580;S
20240227;101653;61.295;2000;9702786987;S
20240227;101658;61.3;700;9702787563;S
20240227;101659;61.305;300;9702787678;B
20240227;101659;61.3;100;9702787691;S
20240227;101700;61.305;100;9702787844;B
20240227;101700;61.305;100;9702787845;B
20240227;101701;61.3;100;9702787881;S
20240227;101702;61.305;100;9702787965;B
20240227;101705;61.3;100;9702788470;S
20240227;101705;61.295;100;9702788471;S
20240227;101707;61.305;100;9702788821;B
20240227;101707;61.32;900;9702788822;B
20240227;101709;61.3;200;9702789057;S
20240227;101710;61.295;100;9702789176;S
20240227;101710;61.29;100;9702789177;S
20240227;101717;61.29;100;9702790026;B
20240227;101724;61.29;100;9702790998;B
20240227;101726;61.3;1000;9702791266;B
20240227;101726;61.3;200;9702791267;B
20240227;101728;61.305;300;9702791501;S
20240227;101733;61.305;400;9702791974;S
20240227;101743;61.315;200;9702793194;B
20240227;101751;61.315;2300;9702794334;B
20240227;101757;61.315;2900;9702795039;B
20240227;101757;61.315;4600;9702795040;B
20240227;101757;61.32;100;9702795041;B
20240227;101757;61.32;1000;9702795045;S
20240227;101805;61.33;300;9702795969;B
20240227;101808;61.325;100;9702796283;S
20240227;101811;61.33;600;9702796769;B
20240227;101814;61.33;2100;9702797142;B
20240227;101814;61.335;900;9702797143;B
20240227;101814;61.34;1300;9702797144;B
20240227;101814;61.345;300;9702797145;B
20240227;101814;61.345;1000;9702797146;B
20240227;101814;61.35;200;9702797153;B
20240227;101814;61.35;300;9702797154;B
20240227;101818;61.335;100;9702797673;S
20240227;101819;61.35;500;9702797776;B
20240227;101820;61.335;100;9702797817;S
20240227;101832;61.35;100;9702799010;B
20240227;101832;61.35;300;9702799011;B
20240227;101832;61.35;1000;9702799012;B
20240227;101832;61.35;300;9702799013;B
20240227;101832;61.35;100;9702799014;B
20240227;101832;61.355;3000;9702799034;B
20240227;101832;61.355;100;9702799035;B
20240227;101832;61.36;100;9702799054;B
20240227;101832;61.36;800;9702799055;B
20240227;101832;61.36;1400;9702799063;B
20240227;101835;61.365;18700;9702799271;B
20240227;101835;61.365;200;9702799272;B
20240227;101835;61.365;100;9702799273;B
20240227;101835;61.365;200;9702799274;B
20240227;101835;61.37;300;9702799275;B
20240227;101835;61.37;300;9702799276;B
20240227;101835;61.37;6900;9702799277;B
20240227;101835;61.375;1000;9702799294;B
20240227;101835;61.375;200;9702799295;B
20240227;101835;61.375;100;9702799296;B
20240227;101835;61.38;100;9702799297;B
20240227;101835;61.38;200;9702799298;B
20240227;101835;61.38;100;9702799299;B
20240227;101835;61.38;300;9702799305;B
20240227;101835;61.38;100;9702799312;B
20240227;101835;61.38;100;9702799313;B
20240227;101835;61.38;200;9702799341;B
20240227;101835;61.375;4500;9702799355;S
20240227;101835;61.375;1000;9702799356;S
20240227;101835;61.375;1000;9702799407;B
20240227;101836;61.375;500;9702799413;B
20240227;101837;61.375;5000;9702799530;B
20240227;101837;61.37;100;9702799535;S
20240227;101837;61.375;100;9702799584;B
20240227;101838;61.375;4600;9702799719;B
20240227;101840;61.375;100;9702799902;B
20240227;101841;61.375;3200;9702799987;B
20240227;101841;61.38;4200;9702799988;B
20240227;101841;61.38;500;9702799989;B
20240227;101841;61.38;3300;9702799990;B
20240227;101841;61.38;200;9702799991;B
20240227;101841;61.385;4800;9702799992;B
20240227;101841;61.385;100;9702799993;B
20240227;101841;61.385;2600;9702799994;B
20240227;101841;61.385;1300;9702799995;B
20240227;101842;61.39;200;9702800022;S
20240227;101842;61.39;800;9702800023;S
20240227;101842;61.395;200;9702800037;B
20240227;101842;61.395;2200;9702800038;B
20240227;101842;61.4;100;9702800070;B
20240227;101842;61.4;100;9702800071;B
20240227;101842;61.4;1000;9702800072;B
20240227;101842;61.4;100;9702800073;B
20240227;101842;61.4;1000;9702800074;B
20240227;101842;61.4;200;9702800075;B
20240227;101842;61.4;100;9702800076;B
20240227;101842;61.4;2200;9702800077;B
20240227;101842;61.4;2800;9702800078;B
20240227;101842;61.4;100;9702800079;B
20240227;101842;61.4;200;9702800080;B
20240227;101842;61.4;200;9702800081;B
20240227;101842;61.4;400;9702800103;B
20240227;101842;61.4;4000;9702800137;B
20240227;101842;61.4;100;9702800138;B
20240227;101843;61.4;2600;9702800165;B
20240227;101843;61.4;400;9702800166;B
20240227;101843;61.4;800;9702800167;B
20240227;101843;61.4;200;9702800168;B
20240227;101843;61.4;100;9702800169;B
20240227;101843;61.405;100;9702800170;B
20240227;101843;61.405;1300;9702800174;B
20240227;101843;61.405;100;9702800175;B
20240227;101844;61.405;6000;9702800290;B
20240227;101844;61.405;7500;9702800291;B
20240227;101844;61.41;200;9702800292;B
20240227;101844;61.415;200;9702800293;B
20240227;101844;61.415;100;9702800294;B
20240227;101844;61.415;1300;9702800295;B
20240227;101844;61.42;100;9702800296;B
20240227;101844;61.42;100;9702800297;B
20240227;101844;61.42;7500;9702800298;B
20240227;101844;61.42;1300;9702800299;B
20240227;101844;61.425;1300;9702800300;B
20240227;101844;61.425;900;9702800301;B
20240227;101844;61.43;2000;9702800302;S
20240227;101844;61.44;100;9702800309;B
20240227;101844;61.44;100;9702800310;B
20240227;101844;61.44;100;9702800311;B
20240227;101844;61.44;1000;9702800312;B
20240227;101844;61.44;400;9702800313;B
20240227;101844;61.435;3300;9702800333;S
20240227;101844;61.435;1000;9702800334;S
20240227;101844;61.435;3300;9702800335;S
20240227;101844;61.43;12400;9702800336;S
20240227;101844;61.44;500;9702800339;B
20240227;101844;61.44;300;9702800340;B
20240227;101845;61.44;1300;9702800386;B
20240227;101845;61.44;500;9702800420;B
20240227;101845;61.435;2700;9702800423;S
20240227;101845;61.435;600;9702800424;S
20240227;101847;61.44;200;9702800626;B
20240227;101848;61.44;100;9702800697;B
20240227;101850;61.44;100;9702800803;B
20240227;101850;61.44;100;9702800804;B
20240227;101850;61.44;400;9702800840;B
20240227;101851;61.44;100;9702800967;B
20240227;101851;61.44;100;9702800968;B
20240227;101852;61.44;200;9702801106;B
20240227;101853;61.435;2200;9702801175;S
20240227;101854;61.44;200;9702801199;B
20240227;101854;61.44;100;9702801203;B
20240227;101856;61.44;500;9702801441;B
20240227;101856;61.44;1000;9702801442;B
20240227;101856;61.445;100;9702801443;B
20240227;101856;61.445;1000;9702801444;B
20240227;101856;61.45;10000;9702801445;B
20240227;101856;61.45;2500;9702801446;B
20240227;101856;61.45;300;9702801447;B
20240227;101856;61.45;800;9702801448;B
20240227;101857;61.45;200;9702801546;B
20240227;101858;61.45;200;9702801626;B
20240227;101859;61.44;600;9702801765;S
20240227;101859;61.45;300;9702801766;B
20240227;101902;61.45;3500;9702802124;B
20240227;101902;61.45;1500;9702802125;B
20240227;101902;61.45;100;9702802130;B
20240227;101905;61.45;600;9702802299;B
20240227;101905;61.45;4400;9702802300;B
20240227;101905;61.45;5000;9702802375;B
20240227;101906;61.45;5000;9702802453;B
20240227;101907;61.45;5000;9702802517;B
20240227;101907;61.45;100;9702802585;B
20240227;101908;61.45;500;9702802600;B
20240227;101908;61.45;1600;9702802601;B
20240227;101908;61.455;900;9702802602;B
20240227;101908;61.455;5000;9702802630;B
20240227;101908;61.455;2000;9702802632;B
20240227;101908;61.455;8300;9702802643;B
20240227;101908;61.455;100;9702802645;B
20240227;101908;61.455;100;9702802652;B
20240227;101909;61.455;20000;9702802679;B
20240227;101909;61.455;200;9702802680;B
20240227;101909;61.455;7500;9702802726;B
20240227;101909;61.455;100;9702802733;B
20240227;101909;61.455;18000;9702802755;B
20240227;101909;61.46;100;9702802756;B
20240227;101909;61.46;500;9702802757;B
20240227;101909;61.47;100;9702802777;B
20240227;101909;61.475;100;9702802778;B
20240227;101909;61.475;1100;9702802779;B
20240227;101909;61.48;300;9702802792;B
20240227;101910;61.48;100;9702802887;B
20240227;101910;61.47;500;9702802894;S
20240227;101911;61.47;500;9702803011;S
20240227;101911;61.47;200;9702803012;S
20240227;101911;61.47;300;9702803013;S
20240227;101911;61.47;600;9702803014;S
20240227;101911;61.47;400;9702803015;B
20240227;101911;61.475;400;9702803019;B
20240227;101912;61.48;100;9702803132;B
20240227;101912;61.48;100;9702803133;B
20240227;101912;61.48;1400;9702803134;B
20240227;101913;61.48;200;9702803261;B
20240227;101913;61.48;300;9702803287;B
20240227;101916;61.48;100;9702803509;B
20240227;101916;61.48;1300;9702803514;B
20240227;101916;61.48;200;9702803515;B
20240227;101917;61.48;800;9702803671;B
20240227;101918;61.485;700;9702803706;B
20240227;101918;61.485;100;9702803737;B
20240227;101921;61.485;300;9702804012;B
20240227;101922;61.485;1600;9702804101;B
20240227;101923;61.48;400;9702804205;S
20240227;101924;61.485;400;9702804255;B
20240227;101926;61.48;600;9702804487;S
20240227;101926;61.48;1600;9702804488;S
20240227;101926;61.48;1100;9702804489;S
20240227;101927;61.485;500;9702804577;B
20240227;101927;61.485;1200;9702804578;B
20240227;101928;61.48;200;9702804735;S
20240227;101929;61.48;100;9702804814;S
20240227;101930;61.48;1000;9702804870;S
20240227;101930;61.485;5000;9702804899;B
20240227;101930;61.48;1500;9702804940;S
20240227;101930;61.48;1700;9702804941;S
20240227;101930;61.48;1000;9702804942;S
20240227;101930;61.48;500;9702804943;S
20240227;101930;61.48;1000;9702804944;S
20240227;101931;61.48;300;9702805008;B
20240227;101934;61.48;100;9702805350;B
20240227;101935;61.48;10000;9702805452;B
20240227;101936;61.48;1000;9702805499;B
20240227;101936;61.48;100;9702805523;B
20240227;101937;61.48;1800;9702805604;B
20240227;101937;61.475;100;9702805628;S
20240227;101942;61.48;1700;9702806141;B
20240227;101942;61.48;100;9702806156;B
20240227;101942;61.48;200;9702806193;B
20240227;101942;61.48;800;9702806194;B
20240227;101942;61.48;1000;9702806195;B
20240227;101942;61.475;1700;9702806206;S
20240227;101942;61.475;1000;9702806207;S
20240227;101945;61.47;2900;9702806471;S
20240227;101951;61.47;100;9702807188;B
20240227;101952;61.465;1800;9702807324;B
20240227;101952;61.465;300;9702807385;B
20240227;101953;61.465;1800;9702807408;B
20240227;101953;61.465;100;9702807490;B
20240227;101953;61.47;100;9702807491;B
20240227;101953;61.46;100;9702807518;S
20240227;101954;61.465;100;9702807554;B
20240227;101954;61.465;200;9702807555;B
20240227;101954;61.47;5000;9702807556;B
20240227;101954;61.47;2000;9702807557;B
20240227;101954;61.47;800;9702807558;B
20240227;101954;61.47;100;9702807559;B
20240227;101954;61.475;2300;9702807560;B
20240227;101954;61.475;100;9702807561;B
20240227;101954;61.48;2000;9702807562;B
20240227;101954;61.48;2000;9702807563;B
20240227;101954;61.485;3400;9702807564;B
20240227;101957;61.48;1700;9702807944;B
20240227;101958;61.48;300;9702808021;B
20240227;101958;61.485;400;9702808022;B
20240227;102002;61.48;1600;9702808516;B
20240227;102002;61.47;1800;9702808631;S
20240227;102002;61.47;3300;9702808632;S
20240227;102002;61.465;200;9702808633;S
20240227;102002;61.465;1600;9702808634;S
20240227;102002;61.46;600;9702808635;S
20240227;102003;61.475;100;9702808756;S
20240227;102006;61.465;700;9702809180;S
20240227;102006;61.465;100;9702809181;S
20240227;102006;61.46;2100;9702809182;S
20240227;102006;61.455;3800;9702809183;S
20240227;102006;61.455;100;9702809201;B
20240227;102006;61.455;100;9702809202;B
20240227;102006;61.455;100;9702809205;B
20240227;102006;61.455;100;9702809206;B
20240227;102006;61.455;100;9702809214;B
20240227;102006;61.455;100;9702809215;B
20240227;102006;61.455;100;9702809222;B
20240227;102006;61.455;100;9702809225;B
20240227;102006;61.465;100;9702809226;B
20240227;102008;61.47;200;9702809468;B
20240227;102012;61.47;1400;9702810138;B
20240227;102013;61.475;200;9702810371;B
20240227;102013;61.475;500;9702810388;B
20240227;102014;61.47;200;9702810630;S
20240227;102014;61.47;200;9702810642;S
20240227;102017;61.475;600;9702810974;B
20240227;102017;61.475;100;9702811039;B
20240227;102017;61.475;1800;9702811102;B
20240227;102020;61.475;5000;9702813436;B
20240227;102021;61.48;100;9702813581;B
20240227;102021;61.475;3000;9702813617;S
20240227;102022;61.475;2000;9702814119;S
20240227;102022;61.475;1000;9702814120;S
20240227;102022;61.475;200;9702814121;S
20240227;102022;61.47;300;9702814122;S
20240227;102022;61.47;6500;9702814123;S
20240227;102022;61.48;100;9702814863;B
20240227;102022;61.48;100;9702814864;B
20240227;102022;61.48;100;9702814865;B
20240227;102022;61.48;100;9702814866;B
20240227;102022;61.48;100;9702814867;B
20240227;102022;61.48;1000;9702814872;S
20240227;102022;61.48;100;9702814873;S
20240227;102022;61.475;200;9702814874;S
20240227;102022;61.49;1100;9702814903;B
20240227;102023;61.475;1000;9702815046;S
20240227;102024;61.48;100;9702815151;B
20240227;102027;61.49;1800;9702815671;B
20240227;102029;61.48;100;9702816971;S
20240227;102030;61.48;100;9702817102;S
20240227;102031;61.49;2600;9702817212;B
20240227;102031;61.49;2400;9702817213;B
20240227;102033;61.48;100;9702817554;S
20240227;102035;61.48;200;9702819006;S
20240227;102037;61.49;1800;9702821605;B
20240227;102042;61.49;1800;9702823351;B
20240227;102044;61.48;3000;9702823711;S
20240227;102047;61.49;1500;9702825180;B
20240227;102047;61.49;200;9702825181;B
20240227;102049;61.48;100;9702825643;S
20240227;102052;61.49;1800;9702826849;B
20240227;102053;61.49;400;9702827235;B
20240227;102053;61.49;100;9702827236;B
20240227;102055;61.49;1900;9702827546;B
20240227;102055;61.495;100;9702827547;B
20240227;102055;61.495;100;9702827548;B
20240227;102055;61.495;200;9702827549;B
20240227;102055;61.495;500;9702827550;B
20240227;102055;61.495;2200;9702827551;B
20240227;102055;61.495;1000;9702827552;B
20240227;102055;61.495;500;9702827553;B
20240227;102055;61.495;500;9702827554;B
20240227;102055;61.495;1000;9702827555;B
20240227;102055;61.495;1000;9702827556;B
20240227;102055;61.495;800;9702827557;B
20240227;102055;61.495;1000;9702827558;B
20240227;102055;61.495;1300;9702827559;B
20240227;102055;61.495;1700;9702827560;B
20240227;102055;61.5;800;9702827561;B
20240227;102055;61.5;100;9702827562;B
20240227;102055;61.5;100;9702827563;B
20240227;102055;61.5;1600;9702827564;B
20240227;102055;61.5;200;9702827565;B
20240227;102055;61.5;100;9702827566;B
20240227;102055;61.5;10000;9702827567;B
20240227;102055;61.5;58100;9702827568;B
20240227;102057;61.5;700;9702827992;B
20240227;102057;61.495;1100;9702828037;S
20240227;102057;61.5;1900;9702828039;B
20240227;102057;61.5;15800;9702828063;B
20240227;102057;61.5;200;9702828064;B
20240227;102057;61.5;200;9702828065;B
20240227;102057;61.5;1500;9702828066;B
20240227;102057;61.5;500;9702828067;B
20240227;102057;61.5;1000;9702828068;B
20240227;102057;61.5;100;9702828069;B
20240227;102057;61.5;100;9702828070;B
20240227;102057;61.5;600;9702828071;B
20240227;102057;61.5;200;9702828099;B
20240227;102057;61.5;100;9702828133;B
20240227;102057;61.5;500;9702828134;B
20240227;102057;61.51;100;9702828135;B
20240227;102057;61.51;100;9702828136;B
20240227;102057;61.51;200;9702828137;B
20240227;102057;61.51;200;9702828138;B
20240227;102057;61.51;100;9702828145;B
20240227;102057;61.51;500;9702828146;B
20240227;102058;61.51;300;9702828152;B
20240227;102058;61.51;1600;9702828822;B
20240227;102059;61.51;100;9702828891;B
20240227;102059;61.495;100;9702828896;S
20240227;102100;61.51;500;9702829516;B
20240227;102100;61.5;100;9702829520;S
20240227;102101;61.51;1600;9702829888;B
20240227;102101;61.51;2900;9702829893;B
20240227;102101;61.51;4300;9702829894;B
20240227;102101;61.52;300;9702829895;B
20240227;102101;61.52;100;9702829896;B
20240227;102101;61.52;100;9702829897;B
20240227;102101;61.52;8000;9702829898;S
20240227;102101;61.52;500;9702829899;S
20240227;102101;61.505;800;9702829900;S
20240227;102101;61.505;200;9702829901;S
20240227;102101;61.505;800;9702829902;S
20240227;102101;61.505;4200;9702829903;S
20240227;102101;61.505;800;9702829904;S
20240227;102101;61.505;200;9702829905;S
20240227;102101;61.505;800;9702829939;S
20240227;102101;61.505;2200;9702829940;S
20240227;102101;61.505;300;9702829941;S
20240227;102101;61.505;700;9702829942;S
20240227;102102;61.505;300;9702829958;S
20240227;102102;61.505;1700;9702829959;S
20240227;102102;61.505;200;9702829960;S
20240227;102102;61.505;800;9702829961;S
20240227;102102;61.51;1000;9702829962;S
20240227;102102;61.51;2000;9702829972;S
20240227;102102;61.51;3000;9702829973;S
20240227;102102;61.51;1700;9702830076;S
20240227;102102;61.515;1000;9702830086;B
20240227;102102;61.515;900;9702830091;B
20240227;102102;61.515;2000;9702830108;B
20240227;102102;61.51;2300;9702830114;S
20240227;102102;61.51;1000;9702830115;S
20240227;102102;61.51;1100;9702830116;S
20240227;102102;61.505;5000;9702830117;S
20240227;102102;61.505;1000;9702830118;S
20240227;102102;61.5;10000;9702830119;S
20240227;102102;61.5;500;9702830120;S
20240227;102102;61.5;200;9702830121;S
20240227;102102;61.5;3200;9702830122;S
20240227;102103;61.5;5700;9702830216;B
20240227;102103;61.505;800;9702830217;B
20240227;102103;61.515;1000;9702830218;B
20240227;102103;61.52;2500;9702830219;B
20240227;102103;61.52;100;9702830249;B
20240227;102104;61.52;2000;9702830619;B
20240227;102104;61.5;100;9702830791;S
20240227;102105;61.5;100;9702830844;S
20240227;102112;61.5;700;9702833653;B
20240227;102117;61.5;200;9702835012;B
20240227;102118;61.505;200;9702835051;B
20240227;102118;61.505;500;9702835052;B
20240227;102118;61.505;100;9702835053;S
20240227;102118;61.51;900;9702835088;B
20240227;102120;61.51;2500;9702835615;B
20240227;102122;61.51;1500;9702836464;B
20240227;102123;61.515;300;9702836517;B
20240227;102125;61.5;200;9702837362;S
20240227;102127;61.515;1700;9702837866;B
20240227;102128;61.505;100;9702838407;S
20240227;102130;61.515;3000;9702839353;B
20240227;102132;61.515;1000;9702839646;B
20240227;102132;61.515;500;9702839660;B
20240227;102132;61.52;1200;9702839742;B
20240227;102132;61.52;700;9702839815;B
20240227;102132;61.52;300;9702839816;B
20240227;102132;61.525;4000;9702839817;B
20240227;102133;61.515;700;9702839819;S
20240227;102133;61.515;300;9702839820;S
20240227;102137;61.525;1000;9702841204;B
20240227;102137;61.525;2000;9702841248;B
20240227;102141;61.525;500;9702842618;B
20240227;102141;61.525;1400;9702842619;B
20240227;102141;61.525;1100;9702842620;B
20240227;102142;61.525;2300;9702843104;B
20240227;102144;61.525;300;9702843502;B
20240227;102145;61.525;6500;9702843613;B
20240227;102147;61.525;100;9702844375;B
20240227;102147;61.525;2400;9702844380;B
20240227;102148;61.525;500;9702845063;B
20240227;102148;61.52;100;9702845081;S
20240227;102152;61.525;2500;9702846152;B
20240227;102152;61.525;4300;9702846154;B
20240227;102152;61.525;2000;9702846155;B
20240227;102152;61.53;200;9702846156;B
20240227;102152;61.53;500;9702846157;B
20240227;102152;61.53;1300;9702846158;B
20240227;102152;61.535;2000;9702846159;B
20240227;102152;61.535;1300;9702846160;B
20240227;102152;61.535;200;9702846161;B
20240227;102152;61.54;100;9702846162;B
20240227;102152;61.54;400;9702846163;B
20240227;102152;61.54;2000;9702846164;B
20240227;102152;61.54;2200;9702846165;B
20240227;102152;61.54;1300;9702846166;B
20240227;102152;61.54;600;9702846167;B
20240227;102152;61.545;1600;9702846168;B
20240227;102153;61.53;1500;9702846201;S
20240227;102153;61.53;300;9702846202;B
20240227;102155;61.525;100;9702846720;S
20240227;102157;61.53;200;9702847497;B
20240227;102157;61.53;1300;9702847536;B
20240227;102157;61.54;1000;9702848127;B
20240227;102159;61.54;1000;9702848292;B
20240227;102159;61.545;5900;9702848293;B
20240227;102159;61.545;600;9702848294;B
20240227;102159;61.55;8700;9702848295;B
20240227;102202;61.55;1000;9702848853;B
20240227;102202;61.55;100;9702848859;B
20240227;102203;61.55;2400;9702848926;B
20240227;102203;61.535;100;9702848957;S
20240227;102203;61.535;4000;9702848958;S
20240227;102203;61.535;600;9702848959;S
20240227;102203;61.53;2400;9702848960;S
20240227;102203;61.525;2300;9702848961;S
20240227;102203;61.525;1800;9702848962;S
20240227;102203;61.52;9900;9702848963;S
20240227;102203;61.52;200;9702848964;S
20240227;102203;61.52;3800;9702848965;S
20240227;102203;61.52;1900;9702848966;S
20240227;102203;61.515;2000;9702848967;S
20240227;102203;61.515;4000;9702848968;S
20240227;102203;61.515;1000;9702848969;S
20240227;102203;61.515;1000;9702848970;S
20240227;102203;61.515;5300;9702848971;S
20240227;102203;61.515;2100;9702848972;S
20240227;102203;61.51;6900;9702848973;S
20240227;102203;61.51;700;9702848974;S
20240227;102210;61.52;500;9702851953;B
20240227;102210;61.525;2000;9702851954;B
20240227;102210;61.525;200;9702851955;B
20240227;102210;61.53;500;9702851956;B
20240227;102212;61.53;2000;9702852861;B
20240227;102212;61.53;100;9702852862;S
20240227;102216;61.53;200;9702854666;B
20240227;102217;61.53;1700;9702854786;B
20240227;102218;61.535;200;9702854818;B
20240227;102222;61.535;1800;9702857304;B
20240227;102227;61.535;300;9702859617;B
20240227;102227;61.535;100;9702859985;B
20240227;102227;61.535;600;9702860139;B
20240227;102227;61.535;1000;9702860140;B
20240227;102228;61.54;100;9702860164;B
20240227;102232;61.55;1900;9702861355;B
20240227;102233;61.54;100;9702861957;S
20240227;102236;61.54;900;9702862854;S
20240227;102236;61.54;1000;9702862855;S
20240227;102237;61.54;100;9702863360;S
20240227;102237;61.55;2100;9702863374;B
20240227;102240;61.54;100;9702863684;S
20240227;102242;61.55;2200;9702864452;B
20240227;102243;61.55;2500;9702864459;B
20240227;102244;61.54;700;9702865707;S
20240227;102244;61.54;200;9702865708;S
20240227;102244;61.54;100;9702865709;S
20240227;102244;61.54;100;9702865710;S
20240227;102244;61.535;2100;9702865711;S
20240227;102247;61.54;2000;9702866831;B
20240227;102247;61.54;100;9702866832;B
20240227;102247;61.54;200;9702866833;B
20240227;102250;61.54;100;9702867479;B
20240227;102252;61.54;1900;9702868143;B
20240227;102252;61.54;200;9702868144;B
20240227;102252;61.55;1600;9702868145;B
20240227;102252;61.55;300;9702868146;B
20240227;102257;61.55;500;9702870329;B
20240227;102257;61.55;100;9702870330;B
20240227;102257;61.55;100;9702870331;B
20240227;102257;61.55;1400;9702870332;B
20240227;102258;61.55;100;9702870539;B
20240227;102258;61.54;100;9702870584;S
20240227;102259;61.54;500;9702870657;S
20240227;102302;61.545;2000;9702871350;B
20240227;102303;61.54;700;9702871995;S
20240227;102307;61.55;100;9702873442;B
20240227;102307;61.55;1000;9702873443;B
20240227;102307;61.55;300;9702873444;B
20240227;102307;61.55;100;9702873445;B
20240227;102307;61.55;500;9702873446;B
20240227;102310;61.55;2500;9702874963;B
20240227;102310;61.55;1500;9702874964;B
20240227;102310;61.55;100;9702874965;B
20240227;102310;61.555;200;9702874966;B
20240227;102310;61.56;500;9702874967;B
20240227;102310;61.56;100;9702874968;B
20240227;102310;61.56;200;9702874969;B
20240227;102310;61.56;1300;9702874970;B
20240227;102311;61.54;1000;9702875013;S
20240227;102311;61.54;1000;9702875075;S
20240227;102311;61.54;400;9702875076;S
20240227;102311;61.535;1600;9702875077;S
20240227;102311;61.56;500;9702875081;B
20240227;102312;61.555;100;9702875372;B
20240227;102312;61.56;200;9702875404;B
20240227;102312;61.56;1700;9702875405;B
20240227;102313;61.535;400;9702875500;S
20240227;102313;61.535;600;9702875501;S
20240227;102314;61.555;400;9702875668;B
20240227;102317;61.56;3000;9702876501;B
20240227;102317;61.56;1900;9702877059;B
20240227;102317;61.56;900;9702877063;B
20240227;102317;61.565;1000;9702877064;B
20240227;102317;61.565;2200;9702877065;B
20240227;102317;61.565;1000;9702877066;B
20240227;102317;61.57;500;9702877067;B
20240227;102317;61.57;500;9702877068;B
20240227;102317;61.57;200;9702877069;B
20240227;102317;61.575;200;9702877070;B
20240227;102317;61.58;100;9702877071;B
20240227;102317;61.58;7500;9702877072;B
20240227;102317;61.58;100;9702877073;B
20240227;102317;61.58;300;9702877074;B
20240227;102317;61.58;500;9702877075;B
20240227;102320;61.575;100;9702878258;B
20240227;102322;61.58;1700;9702878484;B
20240227;102322;61.58;500;9702878485;B
20240227;102323;61.57;200;9702878786;S
20240227;102324;61.58;500;9702878896;B
20240227;102325;61.58;100;9702879115;B
20240227;102326;61.58;2200;9702879145;B
20240227;102326;61.58;100;9702879146;B
20240227;102326;61.585;100;9702879147;B
20240227;102326;61.585;7600;9702879148;B
20240227;102326;61.585;100;9702879149;B
20240227;102326;61.585;500;9702879150;B
20240227;102327;61.585;1800;9702880090;B
20240227;102328;61.59;300;9702880129;B
20240227;102328;61.59;200;9702880179;B
20240227;102328;61.59;100;9702880180;B
20240227;102328;61.595;100;9702880181;B
20240227;102328;61.585;200;9702880183;S
20240227;102328;61.595;100;9702880194;B
20240227;102328;61.59;1300;9702880479;B
20240227;102328;61.595;2000;9702880480;B
20240227;102328;61.595;7500;9702880481;B
20240227;102328;61.6;200;9702880482;B
20240227;102328;61.6;200;9702880483;B
20240227;102328;61.6;300;9702880484;B
20240227;102328;61.6;100;9702880485;B
20240227;102328;61.6;400;9702880486;B
20240227;102328;61.6;100;9702880487;B
20240227;102328;61.6;200;9702880488;B
20240227;102328;61.6;7700;9702880489;B
20240227;102329;61.59;1000;9702881162;S
20240227;102329;61.6;2300;9702881163;B
20240227;102329;61.6;500;9702881164;B
20240227;102329;61.6;500;9702881165;B
20240227;102329;61.6;1500;9702881166;B
20240227;102329;61.6;500;9702881167;B
20240227;102329;61.6;10000;9702881168;B
20240227;102329;61.6;200;9702881169;B
20240227;102329;61.6;10000;9702881170;B
20240227;102329;61.6;24500;9702881171;B
20240227;102329;61.59;1000;9702881209;S
20240227;102329;61.59;300;9702881210;S
20240227;102329;61.585;200;9702881211;S
20240227;102329;61.595;100;9702881253;B
20240227;102329;61.595;2900;9702881260;B
20240227;102329;61.6;2500;9702881261;B
20240227;102329;61.6;100;9702881262;B
20240227;102329;61.6;100;9702881263;B
20240227;102329;61.6;4400;9702881264;B
20240227;102330;61.6;3200;9702881388;B
20240227;102331;61.6;1300;9702881637;B
20240227;102332;61.6;100;9702881731;B
20240227;102332;61.595;1000;9702881849;S
20240227;102332;61.6;100;9702881853;B
20240227;102332;61.6;100;9702881860;B
20240227;102332;61.6;100;9702881890;B
20240227;102332;61.6;700;9702881945;B
20240227;102332;61.6;500;9702881946;B
20240227;102332;61.6;100;9702881947;B
20240227;102332;61.6;400;9702881948;B
20240227;102332;61.6;1000;9702881949;B
20240227;102332;61.6;200;9702881950;B
20240227;102333;61.6;100;9702882526;B
20240227;102334;61.6;100;9702883084;B
20240227;102335;61.6;2000;9702883142;B
20240227;102336;61.6;700;9702883213;B
20240227;102337;61.6;1900;9702883348;B
20240227;102338;61.6;100;9702883495;B
20240227;102340;61.6;1000;9702883901;B
20240227;102342;61.6;400;9702884830;B
20240227;102342;61.6;1800;9702885349;B
20240227;102343;61.595;1000;9702885521;S
20240227;102343;61.595;100;9702885522;S
20240227;102343;61.595;1400;9702885523;S
20240227;102344;61.6;700;9702885626;B
20240227;102344;61.6;100;9702885627;B
20240227;102344;61.6;10000;9702885628;B
20240227;102344;61.6;3300;9702885629;B
20240227;102345;61.6;400;9702885686;B
20240227;102347;61.6;1900;9702886825;B
20240227;102348;61.6;2500;9702886884;B
20240227;102350;61.6;100;9702887736;B
20240227;102351;61.6;600;9702888156;B
20240227;102351;61.6;400;9702888197;B
20240227;102352;61.6;8400;9702888274;B
20240227;102352;61.6;5700;9702888275;B
20240227;102352;61.6;2000;9702888276;B
20240227;102352;61.6;100;9702888277;B
20240227;102353;61.6;1800;9702888320;B
20240227;102353;61.6;100;9702888379;B
20240227;102354;61.6;200;9702888587;B
20240227;102354;61.6;300;9702888625;B
20240227;102354;61.6;100;9702888626;B
20240227;102356;61.595;100;9702888769;S
20240227;102356;61.6;2500;9702889536;B
20240227;102357;61.6;1800;9702889613;B
20240227;102358;61.6;1000;9702890162;B
20240227;102358;61.6;100;9702890346;B
20240227;102359;61.595;300;9702890408;S
20240227;102359;61.595;100;9702890409;S
20240227;102359;61.595;3000;9702890410;S
20240227;102359;61.6;100;9702890411;B
20240227;102402;61.6;1700;9702891864;B
20240227;102402;61.595;700;9702891875;S
20240227;102402;61.595;500;9702891876;S
20240227;102407;61.6;1600;9702893488;B
20240227;102409;61.6;200;9702895162;B
20240227;102412;61.6;900;9702896138;B
20240227;102412;61.6;600;9702896139;B
20240227;102413;61.6;400;9702896309;B
20240227;102413;61.6;600;9702896310;B
20240227;102415;61.6;100;9702897125;B
20240227;102416;61.6;9300;9702897815;B
20240227;102416;61.6;100;9702897816;B
20240227;102416;61.6;2000;9702897817;B
20240227;102416;61.6;10000;9702897818;B
20240227;102416;61.6;800;9702897819;B
20240227;102417;61.6;700;9702898102;B
20240227;102417;61.6;1500;9702898159;B
20240227;102418;61.6;1000;9702898743;B
20240227;102419;61.6;300;9702899474;B
20240227;102419;61.6;100;9702899485;B
20240227;102419;61.6;100;9702899486;B
20240227;102419;61.6;200;9702899487;B
20240227;102419;61.6;400;9702899488;B
20240227;102419;61.6;500;9702899489;B
20240227;102419;61.6;400;9702899490;B
20240227;102419;61.6;200;9702899491;B
20240227;102419;61.6;100;9702899492;B
20240227;102419;61.6;1100;9702899493;B
20240227;102419;61.6;200;9702899494;B
20240227;102419;61.6;100;9702899495;B
20240227;102419;61.6;100;9702899496;B
20240227;102419;61.6;200;9702899497;B
20240227;102419;61.595;1200;9702899515;S
20240227;102419;61.595;1000;9702899516;S
20240227;102419;61.59;200;9702899517;S
20240227;102419;61.59;1600;9702899518;S
20240227;102422;61.595;200;9702900331;S
20240227;102422;61.6;1500;9702900333;B
20240227;102423;61.6;500;9702900456;B
20240227;102423;61.595;600;9702900581;S
20240227;102424;61.6;100;9702900645;B
20240227;102425;61.595;1500;9702900864;S
20240227;102427;61.59;1000;9702901802;S
20240227;102427;61.59;3600;9702901803;S
20240227;102432;61.595;1500;9702904018;B
20240227;102432;61.595;200;9702904085;B
20240227;102432;61.595;3300;9702904086;B
20240227;102432;61.595;3300;9702904087;B
20240227;102432;61.6;900;9702904088;B
20240227;102437;61.6;1600;9702905815;B
20240227;102440;61.6;100;9702906470;B
20240227;102440;61.6;100;9702906488;B
20240227;102440;61.6;100;9702906490;B
20240227;102440;61.6;400;9702906491;B
20240227;102440;61.6;100;9702906492;B
20240227;102440;61.6;100;9702906493;B
20240227;102440;61.6;100;9702906494;B
20240227;102440;61.6;200;9702906495;B
20240227;102440;61.6;100;9702906498;B
20240227;102440;61.6;100;9702906499;B
20240227;102440;61.6;100;9702906500;B
20240227;102441;61.6;6900;9702906549;B
20240227;102441;61.605;2000;9702906550;B
20240227;102441;61.61;1100;9702906551;B
20240227;102441;61.61;100;9702906565;B
20240227;102441;61.615;100;9702906566;B
20240227;102441;61.615;600;9702906567;B
20240227;102441;61.61;1200;9702906570;B
20240227;102441;61.615;400;9702906571;B
20240227;102441;61.615;500;9702906572;B
20240227;102441;61.615;7500;9702906573;B
20240227;102441;61.615;2000;9702906574;B
20240227;102441;61.615;1200;9702906575;B
20240227;102441;61.615;200;9702906576;B
20240227;102441;61.615;1000;9702906577;B
20240227;102441;61.62;100;9702906578;B
20240227;102441;61.62;1200;9702906579;B
20240227;102441;61.62;700;9702906580;B
20240227;102441;61.625;2000;9702906581;B
20240227;102441;61.63;7500;9702906582;B
20240227;102441;61.63;100;9702906583;B
20240227;102441;61.635;400;9702906584;B
20240227;102441;61.635;2000;9702906585;B
20240227;102441;61.64;100;9702906586;B
20240227;102441;61.64;1700;9702906587;B
20240227;102441;61.635;1000;9702906604;B
20240227;102441;61.635;1000;9702906605;B
20240227;102442;61.62;400;9702906663;S
20240227;102442;61.63;1000;9702907359;B
20240227;102443;61.635;400;9702907392;B
20240227;102444;61.635;100;9702908391;B
20240227;102444;61.635;400;9702908392;B
20240227;102444;61.63;1000;9702908394;S
20240227;102444;61.63;200;9702908395;S
20240227;102444;61.635;1600;9702908434;B
20240227;102444;61.64;8300;9702908435;B
20240227;102444;61.64;2200;9702908436;B
20240227;102444;61.64;300;9702908437;B
20240227;102444;61.64;6500;9702908438;B
20240227;102444;61.64;400;9702908439;B
20240227;102444;61.645;6300;9702908440;B
20240227;102444;61.645;2000;9702908441;B
20240227;102444;61.645;1000;9702908442;B
20240227;102444;61.645;1200;9702908443;B
20240227;102444;61.645;700;9702908444;B
20240227;102444;61.65;200;9702908445;B
20240227;102444;61.65;400;9702908446;B
20240227;102444;61.65;9300;9702908447;B
20240227;102444;61.65;1000;9702908448;B
20240227;102444;61.65;5000;9702908449;B
20240227;102444;61.65;100;9702908450;B
20240227;102444;61.65;3500;9702908451;B
20240227;102445;61.65;1100;9702908531;B
20240227;102446;61.635;500;9702908654;B
20240227;102447;61.635;900;9702908869;B
20240227;102448;61.635;1100;9702909287;B
20240227;102448;61.63;300;9702909332;S
20240227;102448;61.64;200;9702909380;B
20240227;102449;61.64;200;9702909436;B
20240227;102452;61.635;200;9702911056;S
20240227;102453;61.64;100;9702911813;B
20240227;102453;61.64;1000;9702911814;S
20240227;102453;61.65;200;9702911890;B
20240227;102456;61.65;2000;9702912651;B
20240227;102457;61.65;700;9702912916;B
20240227;102457;61.65;600;9702912917;B
20240227;102458;61.64;3300;9702913519;S
20240227;102458;61.64;3300;9702913520;S
20240227;102458;61.64;1300;9702913521;S
20240227;102458;61.635;800;9702913522;S
20240227;102458;61.635;1300;9702913523;S
20240227;102458;61.635;1000;9702913524;S
20240227;102458;61.63;1000;9702913525;S
20240227;102458;61.63;800;9702913526;S
20240227;102458;61.63;200;9702913527;S
20240227;102458;61.63;1100;9702913528;S
20240227;102458;61.625;1000;9702913529;S
20240227;102458;61.625;2300;9702913530;S
20240227;102458;61.625;700;9702913531;S
20240227;102458;61.625;1100;9702913532;S
20240227;102458;61.62;1000;9702913533;S
20240227;102458;61.62;1400;9702913534;S
20240227;102458;61.62;1000;9702913535;S
20240227;102458;61.62;1800;9702913536;S
20240227;102458;61.62;700;9702913537;S
20240227;102458;61.62;1200;9702913538;S
20240227;102458;61.615;1000;9702913539;S
20240227;102458;61.615;2400;9702913540;S
20240227;102458;61.615;1700;9702913541;S
20240227;102458;61.615;600;9702913542;S
20240227;102458;61.61;1000;9702913543;S
20240227;102458;61.61;3400;9702913544;S
20240227;102458;61.61;1700;9702913545;S
20240227;102458;61.605;200;9702913546;S
20240227;102458;61.605;800;9702913547;S
20240227;102458;61.605;4400;9702913548;S
20240227;102458;61.6;200;9702913550;S
20240227;102458;61.6;4200;9702913551;S
20240227;102458;61.6;1000;9702913552;S
20240227;102458;61.59;100;9702913555;S
20240227;102502;61.595;200;9702914622;B
20240227;102504;61.595;100;9702915251;B
20240227;102504;61.595;300;9702915252;B
20240227;102505;61.595;100;9702915366;B
20240227;102505;61.595;200;9702915389;B
20240227;102507;61.59;700;9702915581;B
20240227;102507;61.59;1000;9702915582;B
20240227;102507;61.595;400;9702915583;B
20240227;102507;61.595;3300;9702915584;B
20240227;102507;61.6;1000;9702915585;B
20240227;102507;61.6;500;9702915586;B
20240227;102507;61.6;2000;9702915587;B
20240227;102507;61.605;2000;9702915588;B
20240227;102507;61.605;1000;9702915589;B
20240227;102507;61.605;1000;9702915590;B
20240227;102507;61.605;300;9702915591;B
20240227;102507;61.605;3300;9702915592;B
20240227;102507;61.61;11900;9702915593;B
20240227;102507;61.59;100;9702915639;B
20240227;102507;61.6;800;9702915640;B
20240227;102507;61.6;200;9702915641;B
20240227;102512;61.595;700;9702918895;B
20240227;102512;61.595;400;9702918896;B
20240227;102518;61.59;100;9702920350;B
20240227;102518;61.595;200;9702920351;B
20240227;102518;61.595;500;9702920352;B
20240227;102520;61.575;100;9702922521;S
20240227;102520;61.575;400;9702922522;S
20240227;102521;61.575;600;9702923018;S
20240227;102521;61.575;900;9702923019;S
20240227;102522;61.595;100;9702923246;B
20240227;102522;61.595;800;9702923247;B
20240227;102532;61.59;900;9702927381;B
20240227;102535;61.59;100;9702928661;B
20240227;102540;61.575;900;9702930303;S
20240227;102540;61.575;100;9702930304;S
20240227;102540;61.575;100;9702930305;S
20240227;102540;61.57;1000;9702930306;S
20240227;102540;61.57;1500;9702930307;S
20240227;102540;61.565;2100;9702930308;S
20240227;102540;61.56;100;9702930309;S
20240227;102540;61.56;2700;9702930310;S
20240227;102540;61.56;4000;9702930311;S
20240227;102540;61.555;3400;9702930312;S
20240227;102540;61.55;1200;9702930313;S
20240227;102540;61.55;3000;9702930314;S
20240227;102540;61.55;200;9702930315;S
20240227;102540;61.545;1200;9702930316;S
20240227;102540;61.54;700;9702930317;S
20240227;102540;61.545;900;9702930361;S
20240227;102544;61.55;200;9702932192;B
20240227;102544;61.565;300;9702932193;B
20240227;102546;61.545;1600;9702933079;S
20240227;102546;61.57;2500;9702933629;B
20240227;102547;61.575;900;9702933679;B
20240227;102548;61.58;500;9702934076;B
20240227;102551;61.58;1000;9702934752;S
20240227;102552;61.595;900;9702935395;B
20240227;102553;61.595;100;9702935555;B
20240227;102558;61.595;900;9702937323;B
20240227;102558;61.585;100;9702937352;S
20240227;102558;61.585;500;9702937353;S
20240227;102559;61.595;700;9702938006;B
20240227;102601;61.595;100;9702938593;B
20240227;102602;61.595;300;9702938752;B
20240227;102602;61.595;500;9702938753;B
20240227;102605;61.6;300;9702939648;B
20240227;102605;61.595;200;9702939678;B
20240227;102605;61.6;100;9702939679;B
20240227;102607;61.6;100;9702940133;B
20240227;102607;61.6;500;9702940134;B
20240227;102607;61.6;300;9702940135;B
20240227;102614;61.585;100;9702941990;S
20240227;102617;61.585;800;9702942592;S
20240227;102617;61.585;2100;9702942593;S
20240227;102617;61.58;300;9702942594;S
20240227;102617;61.595;200;9702942627;B
20240227;102617;61.595;600;9702942628;B
20240227;102618;61.6;100;9702943780;B
20240227;102620;61.58;1800;9702944018;S
20240227;102621;61.59;100;9702944081;B
20240227;102622;61.595;100;9702945043;B
20240227;102622;61.6;200;9702945069;B
20240227;102622;61.6;600;9702945070;B
20240227;102623;61.6;5600;9702945106;B
20240227;102626;61.6;2200;9702946202;B
20240227;102628;61.6;800;9702946989;B
20240227;102629;61.6;200;9702947241;B
20240227;102631;61.6;500;9702947401;B
20240227;102631;61.595;100;9702947538;S
20240227;102631;61.595;100;9702947539;S
20240227;102631;61.595;400;9702947540;S
20240227;102631;61.595;100;9702947541;S
20240227;102631;61.595;100;9702947542;S
20240227;102631;61.595;100;9702947543;S
20240227;102631;61.595;100;9702947544;S
20240227;102631;61.595;100;9702947545;S
20240227;102631;61.595;100;9702947546;S
20240227;102631;61.595;100;9702947547;S
20240227;102631;61.595;100;9702947548;S
20240227;102631;61.595;800;9702947549;S
20240227;102631;61.59;700;9702947550;S
20240227;102631;61.59;300;9702947551;S
20240227;102633;61.6;100;9702947672;B
20240227;102633;61.6;100;9702947673;B
20240227;102633;61.6;600;9702947674;B
20240227;102633;61.6;1000;9702947791;B
20240227;102634;61.595;100;9702947834;S
20240227;102634;61.595;100;9702947835;S
20240227;102634;61.595;400;9702947836;S
20240227;102634;61.595;100;9702947837;S
20240227;102634;61.595;100;9702947838;S
20240227;102634;61.595;100;9702947839;S
20240227;102634;61.595;100;9702947840;S
20240227;102634;61.595;100;9702947841;S
20240227;102634;61.595;100;9702947842;S
20240227;102634;61.595;800;9702947843;S
20240227;102635;61.6;500;9702947923;B
20240227;102637;61.595;100;9702948196;S
20240227;102637;61.595;400;9702948197;S
20240227;102637;61.595;100;9702948198;S
20240227;102637;61.595;100;9702948199;S
20240227;102637;61.595;100;9702948200;S
20240227;102637;61.595;100;9702948201;S
20240227;102637;61.595;100;9702948202;S
20240227;102637;61.595;900;9702948203;S
20240227;102637;61.59;500;9702948204;S
20240227;102637;61.59;300;9702948205;S
20240227;102637;61.59;600;9702948206;S
20240227;102637;61.59;600;9702948207;S
20240227;102637;61.59;200;9702948208;S
20240227;102637;61.585;900;9702948209;S
20240227;102637;61.6;900;9702948219;B
20240227;102639;61.6;100;9702948750;B
20240227;102639;61.6;1900;9702948751;B
20240227;102640;61.6;200;9702949067;B
20240227;102640;61.6;100;9702949071;B
20240227;102641;61.6;400;9702949123;B
20240227;102643;61.6;1000;9702949314;B
20240227;102645;61.6;100;9702949727;B
20240227;102646;61.595;100;9702949872;S
20240227;102647;61.6;800;9702949898;B
20240227;102647;61.595;400;9702949922;S
20240227;102647;61.595;100;9702949923;S
20240227;102647;61.595;100;9702949924;S
20240227;102647;61.595;100;9702949925;S
20240227;102647;61.595;100;9702949926;S
20240227;102647;61.595;100;9702949927;S
20240227;102647;61.595;100;9702949928;S
20240227;102647;61.6;1000;9702949931;B
20240227;102652;61.595;100;9702950564;S
20240227;102652;61.6;1000;9702950609;B
20240227;102654;61.6;500;9702950779;B
20240227;102657;61.595;100;9702951261;S
20240227;102657;61.6;1000;9702951307;B
20240227;102658;61.6;100;9702951411;B
20240227;102701;61.595;100;9702951797;S
20240227;102702;61.6;900;9702951937;B
20240227;102704;61.6;100;9702952351;B
20240227;102705;61.6;400;9702952444;B
20240227;102706;61.6;3900;9702952588;B
20240227;102706;61.6;300;9702952589;B
20240227;102706;61.6;200;9702952590;B
20240227;102706;61.6;300;9702952591;B
20240227;102706;61.6;300;9702952592;B
20240227;102707;61.6;1000;9702952631;B
20240227;102707;61.595;100;9702952677;S
20240227;102707;61.595;300;9702952722;S
20240227;102710;61.6;1600;9702953303;B
20240227;102712;61.595;200;9702953559;S
20240227;102712;61.595;100;9702953560;S
20240227;102712;61.595;400;9702953561;S
20240227;102712;61.595;100;9702953562;S
20240227;102712;61.595;100;9702953563;S
20240227;102712;61.595;100;9702953564;S
20240227;102712;61.595;100;9702953581;S
20240227;102712;61.595;100;9702953582;S
20240227;102712;61.595;100;9702953583;S
20240227;102712;61.595;300;9702953584;S
20240227;102712;61.595;100;9702953585;S
20240227;102712;61.595;400;9702953586;S
20240227;102712;61.6;1000;9702953643;B
20240227;102717;61.6;1000;9702954521;B
20240227;102719;61.6;300;9702954699;B
20240227;102719;61.595;100;9702954777;S
20240227;102719;61.595;100;9702954778;S
20240227;102719;61.595;100;9702954779;S
20240227;102719;61.595;100;9702954780;S
20240227;102719;61.595;100;9702954781;S
20240227;102719;61.595;400;9702954782;S
20240227;102719;61.595;100;9702954783;S
20240227;102722;61.6;1000;9702955249;B
20240227;102724;61.6;20600;9702955530;B
20240227;102724;61.6;300;9702955531;B
20240227;102724;61.6;4000;9702955532;B
20240227;102724;61.6;100;9702955533;B
20240227;102727;61.6;100;9702956043;B
20240227;102727;61.6;900;9702956044;B
20240227;102730;61.595;100;9702956583;S
20240227;102732;61.6;1000;9702957084;B
20240227;102733;61.595;800;9702957232;S
20240227;102733;61.595;100;9702957233;S
20240227;102733;61.595;100;9702957234;S
20240227;102733;61.595;100;9702957235;S
20240227;102733;61.595;100;9702957236;S
20240227;102733;61.595;100;9702957237;S
20240227;102733;61.595;400;9702957238;S
20240227;102733;61.595;200;9702957239;S
20240227;102733;61.59;1500;9702957240;S
20240227;102733;61.59;1600;9702957241;S
20240227;102733;61.59;100;9702957249;S
20240227;102733;61.585;200;9702957250;S
20240227;102733;61.595;100;9702957257;B
20240227;102733;61.595;100;9702957258;B
20240227;102733;61.595;100;9702957259;B
20240227;102733;61.595;100;9702957260;B
20240227;102733;61.595;400;9702957261;B
20240227;102733;61.595;100;9702957266;B
20240227;102733;61.595;100;9702957267;B
20240227;102733;61.595;100;9702957268;B
20240227;102733;61.595;100;9702957276;B
20240227;102733;61.595;100;9702957283;B
20240227;102734;61.595;100;9702957287;B
20240227;102734;61.595;100;9702957346;B
20240227;102734;61.595;100;9702957354;B
20240227;102734;61.595;100;9702957392;B
20240227;102734;61.595;100;9702957398;B
20240227;102734;61.595;100;9702957409;B
20240227;102736;61.585;200;9702957843;S
20240227;102736;61.585;700;9702957844;S
20240227;102736;61.585;200;9702957845;S
20240227;102736;61.585;100;9702957846;S
20240227;102736;61.585;100;9702957847;S
20240227;102738;61.595;100;9702958201;B
20240227;102742;61.585;100;9702959001;S
20240227;102742;61.585;300;9702959002;S
20240227;102742;61.595;900;9702959015;B
20240227;102745;61.595;100;9702959332;B
20240227;102747;61.595;500;9702959569;B
20240227;102747;61.595;400;9702959570;B
20240227;102754;61.585;500;9702960574;S
20240227;102754;61.585;100;9702960575;S
20240227;102754;61.58;100;9702960576;S
20240227;102754;61.58;3300;9702960577;S
20240227;102754;61.58;1000;9702960578;S
20240227;102754;61.585;100;9702960596;B
20240227;102755;61.58;2300;9702960709;S
20240227;102755;61.58;100;9702960710;S
20240227;102755;61.58;100;9702960712;S
20240227;102755;61.58;200;9702960713;S
20240227;102756;61.585;200;9702960919;B
20240227;102757;61.575;100;9702960941;S
20240227;102757;61.575;100;9702960942;S
20240227;102757;61.575;400;9702960943;S
20240227;102757;61.58;600;9702960947;B
20240227;102757;61.58;200;9702960948;B
20240227;102757;61.58;800;9702961049;B
20240227;102758;61.585;100;9702961090;B
20240227;102759;61.575;1000;9702961232;S
20240227;102801;61.575;2500;9702961669;S
20240227;102804;61.575;200;9702961991;S
20240227;102807;61.58;1200;9702962545;B
20240227;102807;61.575;7800;9702962548;S
20240227;102808;61.575;100;9702962653;S
20240227;102812;61.575;7800;9702963205;S
20240227;102812;61.575;200;9702963206;S
20240227;102812;61.58;1300;9702963289;B
20240227;102814;61.575;100;9702963520;S
20240227;102815;61.58;700;9702963674;B
20240227;102815;61.58;600;9702963675;B
20240227;102815;61.58;200;9702963676;B
20240227;102815;61.58;900;9702963677;B
20240227;102815;61.58;500;9702963678;B
20240227;102815;61.585;1600;9702963679;B
20240227;102815;61.585;300;9702963680;B
20240227;102815;61.585;3300;9702963681;B
20240227;102815;61.575;700;9702963741;S
20240227;102815;61.575;200;9702963742;S
20240227;102815;61.575;100;9702963743;S
20240227;102815;61.57;1000;9702963744;S
20240227;102815;61.57;100;9702963745;S
20240227;102815;61.57;1700;9702963746;S
20240227;102815;61.57;400;9702963747;S
20240227;102815;61.57;100;9702963748;S
20240227;102815;61.57;600;9702963749;S
20240227;102815;61.565;100;9702963750;S
20240227;102815;61.565;100;9702963766;S
20240227;102816;61.565;500;9702963890;S
20240227;102817;61.56;1300;9702963949;B
20240227;102817;61.56;2000;9702963950;B
20240227;102817;61.56;100;9702963951;B
20240227;102818;61.56;1000;9702964129;B
20240227;102818;61.57;600;9702964130;B
20240227;102818;61.57;3300;9702964131;B
20240227;102818;61.57;3300;9702964132;B
20240227;102818;61.575;2000;9702964133;B
20240227;102818;61.58;500;9702964134;B
20240227;102818;61.58;300;9702964135;B
20240227;102820;61.58;1000;9702964386;B
20240227;102822;61.58;1200;9702964666;B
20240227;102831;61.575;400;9702965928;B
20240227;102831;61.58;600;9702965929;B
20240227;102832;61.585;100;9702966093;B
20240227;102832;61.585;400;9702966094;B
20240227;102832;61.585;1100;9702966146;B
20240227;102837;61.59;1000;9702966731;B
20240227;102837;61.59;100;9702966732;B
20240227;102842;61.59;100;9702967232;B
20240227;102842;61.595;900;9702967317;B
20240227;102843;61.585;400;9702967389;S
20240227;102843;61.585;1300;9702967390;S
20240227;102843;61.585;1000;9702967391;S
20240227;102843;61.585;200;9702967392;S
20240227;102843;61.58;1700;9702967393;S
20240227;102849;61.575;100;9702968167;S
20240227;102849;61.575;1100;9702968168;S
20240227;102849;61.575;200;9702968169;S
20240227;102849;61.57;1800;9702968170;S
20240227;102849;61.57;1800;9702968171;S
20240227;102857;61.575;200;9702969300;B
20240227;102857;61.575;800;9702969301;B
20240227;102902;61.575;900;9702969946;B
20240227;102903;61.575;100;9702970081;B
20240227;102903;61.575;200;9702970093;S
20240227;102907;61.575;1000;9702970619;B
20240227;102913;61.575;1100;9702971438;B
20240227;102916;61.57;100;9702972096;S
20240227;102917;61.57;900;9702972189;S
20240227;102917;61.57;4000;9702972190;S
20240227;102917;61.57;100;9702972191;S
20240227;102917;61.575;1200;9702972287;B
20240227;102921;61.57;100;9702972816;S
20240227;102921;61.565;600;9702972817;S
20240227;102922;61.575;1200;9702973012;B
20240227;102927;61.575;1300;9702973929;B
20240227;102930;61.575;2500;9702974504;B
20240227;102931;61.565;100;9702974707;S
20240227;102931;61.57;100;9702974847;S
20240227;102931;61.565;200;9702974848;S
20240227;102931;61.565;100;9702974849;S
20240227;102932;61.575;1400;9702974998;B
20240227;102940;61.565;300;9702976207;S
20240227;102940;61.57;100;9702976210;B
20240227;102940;61.575;100;9702976211;B
20240227;102941;61.575;300;9702976264;B
20240227;102942;61.575;1500;9702976441;B
20240227;102944;61.565;100;9702976717;S
20240227;102947;61.575;200;9702977340;B
20240227;102948;61.58;1200;9702977379;B
20240227;102952;61.565;100;9702977870;S
20240227;102953;61.58;1500;9702977876;B
20240227;102957;61.575;600;9702978289;B
20240227;102957;61.58;1200;9702978320;B
20240227;103002;61.58;2000;9702979081;B
20240227;103002;61.575;800;9702979088;S
20240227;103008;61.58;2100;9702980533;B
20240227;103009;61.575;17100;9702980803;S
20240227;103009;61.575;400;9702980804;S
20240227;103009;61.575;2100;9702980805;S
20240227;103009;61.575;400;9702980806;S
20240227;103013;61.58;2000;9702981602;B
20240227;103017;61.58;400;9702982582;B
20240227;103017;61.58;1000;9702982583;B
20240227;103017;61.58;100;9702982584;B
20240227;103017;61.585;200;9702982594;B
20240227;103018;61.595;100;9702982614;B
20240227;103018;61.595;1800;9702982615;B
20240227;103019;61.585;100;9702982830;B
20240227;103019;61.595;4900;9702982831;B
20240227;103023;61.595;800;9702983143;B
20240227;103023;61.595;200;9702983144;B
20240227;103023;61.595;900;9702983145;B
20240227;103026;61.595;100;9702983579;B
20240227;103027;61.595;1900;9702983632;B
20240227;103027;61.59;1200;9702983679;S
20240227;103030;61.59;2100;9702983982;S
20240227;103030;61.59;1900;9702983983;S
20240227;103030;61.59;100;9702983984;S
20240227;103037;61.59;1900;9702984951;B
20240227;103038;61.585;1000;9702985165;S
20240227;103040;61.585;900;9702985494;S
20240227;103040;61.58;500;9702985495;S
20240227;103040;61.58;100;9702985496;S
20240227;103040;61.58;1000;9702985497;S
20240227;103040;61.58;600;9702985498;S
20240227;103040;61.58;1400;9702985499;S
20240227;103040;61.58;1000;9702985516;S
20240227;103040;61.58;200;9702985549;S
20240227;103041;61.585;100;9702985598;B
20240227;103043;61.585;100;9702986261;B
20240227;103043;61.58;600;9702986298;S
20240227;103047;61.57;600;9702986942;B
20240227;103047;61.575;1200;9702986943;B
20240227;103048;61.575;400;9702987174;B
20240227;103048;61.585;600;9702987175;B
20240227;103050;61.585;600;9702987495;B
20240227;103050;61.585;1900;9702987496;B
20240227;103052;61.58;600;9702987925;B
20240227;103053;61.585;1100;9702988009;B
20240227;103055;61.585;1000;9702988502;B
20240227;103056;61.58;500;9702988709;B
20240227;103056;61.585;1500;9702988710;B
20240227;103057;61.585;500;9702989009;B
20240227;103057;61.585;1000;9702989010;S
20240227;103058;61.59;100;9702989083;B
20240227;103058;61.59;300;9702989166;B
20240227;103102;61.585;600;9702989635;S
20240227;103102;61.585;1400;9702989636;S
20240227;103102;61.59;1500;9702989724;B
20240227;103103;61.585;100;9702989805;S
20240227;103103;61.585;400;9702989806;S
20240227;103107;61.585;1500;9702990354;S
20240227;103107;61.58;600;9702990355;S
20240227;103107;61.58;2500;9702990356;S
20240227;103107;61.575;1600;9702990357;S
20240227;103107;61.575;1600;9702990358;S
20240227;103107;61.59;1500;9702990363;B
20240227;103108;61.58;100;9702990503;B
20240227;103110;61.575;1700;9702990621;S
20240227;103110;61.575;100;9702990622;S
20240227;103110;61.575;200;9702990623;S
20240227;103110;61.58;200;9702990781;B
20240227;103114;61.58;300;9702991838;B
20240227;103118;61.58;700;9702992447;B
20240227;103118;61.58;800;9702992448;B
20240227;103122;61.575;200;9702993034;S
20240227;103122;61.58;1400;9702993055;B
20240227;103123;61.575;100;9702993225;S
20240227;103127;61.58;1400;9702994075;B
20240227;103130;61.575;1000;9702994478;S
20240227;103132;61.58;1000;9702994658;B
20240227;103132;61.58;300;9702994659;B
20240227;103133;61.575;100;9702994682;S
20240227;103133;61.575;100;9702994683;S
20240227;103133;61.57;300;9702994684;S
20240227;103133;61.575;600;9702994693;B
20240227;103133;61.575;1000;9702994694;B
20240227;103133;61.575;1400;9702994695;B
20240227;103134;61.57;1400;9702994817;S
20240227;103134;61.57;100;9702994818;S
20240227;103135;61.57;400;9702995039;S
20240227;103135;61.565;1500;9702995040;S
20240227;103135;61.565;600;9702995041;S
20240227;103135;61.565;100;9702995376;S
20240227;103135;61.565;100;9702995397;S
20240227;103140;61.57;100;9702996052;B
20240227;103140;61.565;1200;9702996061;S
20240227;103140;61.56;400;9702996062;S
20240227;103141;61.56;600;9702996363;S
20240227;103141;61.56;1500;9702996364;S
20240227;103141;61.56;2100;9702996365;S
20240227;103141;61.555;2900;9702996366;S
20240227;103141;61.555;100;9702996367;S
20240227;103141;61.55;3800;9702996368;S
20240227;103141;61.55;500;9702996369;S
20240227;103141;61.545;3500;9702996370;S
20240227;103144;61.545;1900;9702997093;S
20240227;103144;61.545;100;9702997094;S
20240227;103147;61.545;100;9702997863;S
20240227;103147;61.545;100;9702997864;S
20240227;103147;61.545;100;9702997865;S
20240227;103147;61.545;900;9702997866;S
20240227;103147;61.54;2000;9702997879;S
20240227;103147;61.535;300;9702997880;S
20240227;103147;61.535;100;9702997881;S
20240227;103147;61.535;100;9702997882;S
20240227;103147;61.535;2000;9702997929;S
20240227;103148;61.535;700;9702998215;S
20240227;103148;61.53;100;9702998216;S
20240227;103148;61.53;3600;9702998217;S
20240227;103148;61.525;100;9702998218;S
20240227;103148;61.525;600;9702998219;S
20240227;103148;61.525;900;9702998220;S
20240227;103149;61.525;200;9702998391;S
20240227;103149;61.525;100;9702998392;S
20240227;103149;61.525;3100;9702998393;S
20240227;103150;61.525;100;9702998581;S
20240227;103150;61.52;200;9702998582;S
20240227;103150;61.51;100;9702998583;S
20240227;103150;61.51;100;9702998584;S
20240227;103150;61.51;900;9702998665;S
20240227;103150;61.505;400;9702998666;S
20240227;103152;61.5;100;9702998901;S
20240227;103152;61.5;3300;9702998902;S
20240227;103152;61.5;5000;9702998903;S
20240227;103152;61.5;100;9702998904;S
20240227;103152;61.5;1000;9702998905;S
20240227;103152;61.5;100;9702998906;S
20240227;103152;61.5;100;9702998907;S
20240227;103152;61.5;300;9702998908;S
20240227;103152;61.5;200;9702998985;S
20240227;103152;61.5;100;9702998986;S
20240227;103152;61.5;900;9702998987;S
20240227;103152;61.5;200;9702999006;S
20240227;103152;61.5;100;9702999008;S
20240227;103152;61.495;400;9702999009;S
20240227;103152;61.495;100;9702999017;S
20240227;103156;61.495;100;9702999455;S
20240227;103156;61.5;1000;9702999468;B
20240227;103156;61.5;1000;9702999469;B
20240227;103156;61.5;1500;9702999470;B
20240227;103158;61.505;500;9702999674;B
20240227;103158;61.515;1000;9702999675;B
20240227;103158;61.515;600;9702999676;B
20240227;103158;61.525;1000;9702999677;B
20240227;103158;61.53;1000;9702999678;B
20240227;103158;61.53;500;9702999679;B
20240227;103158;61.535;1000;9702999680;B
20240227;103158;61.535;3000;9702999681;B
20240227;103158;61.54;1000;9702999682;B
20240227;103158;61.545;400;9702999683;B
20240227;103158;61.55;1000;9702999731;B
20240227;103158;61.56;500;9702999768;B
20240227;103202;61.56;500;9703000214;B
20240227;103202;61.565;800;9703000252;B
20240227;103204;61.565;100;9703000497;B
20240227;103207;61.545;500;9703000763;S
20240227;103207;61.545;500;9703000764;S
20240227;103208;61.565;100;9703001008;B
20240227;103208;61.565;1000;9703001009;S
20240227;103208;61.575;100;9703001077;B
20240227;103213;61.575;900;9703001685;B
20240227;103213;61.575;200;9703001686;B
20240227;103218;61.575;1000;9703002175;B
20240227;103218;61.575;100;9703002176;B
20240227;103220;61.56;500;9703002730;S
20240227;103220;61.56;500;9703002731;S
20240227;103220;61.575;900;9703002781;B
20240227;103222;61.58;1000;9703002938;B
20240227;103224;61.585;100;9703003146;B
20240227;103227;61.585;1000;9703003487;B
20240227;103228;61.58;500;9703003547;S
20240227;103230;61.58;100;9703003722;S
20240227;103231;61.585;100;9703003783;B
20240227;103231;61.58;100;9703003830;S
20240227;103232;61.585;1000;9703003903;B
20240227;103233;61.58;100;9703003953;S
20240227;103237;61.585;1000;9703004445;B
20240227;103237;61.58;100;9703004491;S
20240227;103241;61.58;700;9703005576;S
20240227;103241;61.58;2300;9703005577;S
20240227;103243;61.58;1300;9703005936;B
20240227;103247;61.58;1300;9703006808;B
20240227;103250;61.575;200;9703007301;S
20240227;103251;61.575;400;9703007330;S
20240227;103251;61.575;600;9703007331;S
20240227;103252;61.58;1400;9703007532;B
20240227;103256;61.58;400;9703008163;B
20240227;103257;61.58;1400;9703008474;B
20240227;103259;61.575;100;9703008711;S
20240227;103259;61.575;100;9703008819;S
20240227;103302;61.58;1600;9703009122;B
20240227;103307;61.58;1700;9703010163;B
20240227;103311;61.58;4000;9703010500;B
20240227;103312;61.58;1700;9703010818;B
20240227;103314;61.58;100;9703011129;B
20240227;103315;61.575;100;9703011275;S
20240227;103317;61.58;1800;9703011633;B
20240227;103318;61.575;100;9703011779;S
20240227;103320;61.58;300;9703011902;B
20240227;103320;61.58;100;9703011903;B
20240227;103320;61.58;400;9703011904;B
20240227;103322;61.58;600;9703012302;B
20240227;103322;61.58;1100;9703012303;B
20240227;103323;61.575;300;9703012335;S
20240227;103323;61.575;5300;9703012336;S
20240227;103326;61.58;100;9703012710;B
20240227;103327;61.58;1000;9703012874;B
20240227;103327;61.58;700;9703012875;B
20240227;103329;61.575;100;9703013058;S
20240227;103330;61.575;1000;9703013236;S
20240227;103330;61.575;600;9703013237;S
20240227;103330;61.575;1400;9703013238;S
20240227;103330;61.575;200;9703013240;S
20240227;103330;61.575;100;9703013241;S
20240227;103330;61.57;2700;9703013242;S
20240227;103330;61.57;100;9703013243;S
20240227;103331;61.565;800;9703013328;S
20240227;103332;61.565;1600;9703013370;B
20240227;103335;61.56;2700;9703013727;S
20240227;103335;61.56;3300;9703013728;S
20240227;103335;61.555;100;9703013735;S
20240227;103342;61.565;500;9703014775;B
20240227;103342;61.565;900;9703014776;B
20240227;103347;61.56;200;9703016125;B
20240227;103347;61.57;200;9703016251;B
20240227;103347;61.57;900;9703016252;B
20240227;103352;61.57;100;9703017627;B
20240227;103352;61.57;500;9703017628;B
20240227;103353;61.575;700;9703017734;B
20240227;103355;61.565;300;9703018372;S
20240227;103357;61.575;1200;9703018952;B
20240227;103358;61.57;300;9703018987;S
20240227;103358;61.565;100;9703018988;S
20240227;103358;61.565;1200;9703018989;S
20240227;103358;61.565;500;9703018990;S
20240227;103358;61.56;1900;9703018991;S
20240227;103403;61.575;1000;9703019936;B
20240227;103403;61.575;100;9703019937;B
20240227;103407;61.575;900;9703020730;B
20240227;103408;61.58;200;9703020795;B
20240227;103412;61.58;300;9703021477;B
20240227;103412;61.58;500;9703021478;B
20240227;103412;61.58;300;9703021479;B
20240227;103413;61.58;200;9703021605;B
20240227;103414;61.57;2000;9703021766;S
20240227;103414;61.58;7000;9703021855;B
20240227;103414;61.58;1200;9703021856;B
20240227;103414;61.585;2800;9703021857;B
20240227;103414;61.585;700;9703021858;B
20240227;103414;61.585;300;9703021859;B
20240227;103414;61.585;2000;9703021860;B
20240227;103414;61.585;1200;9703021861;B
20240227;103414;61.585;500;9703021862;B
20240227;103414;61.59;500;9703021863;B
20240227;103414;61.59;500;9703021864;B
20240227;103414;61.59;100;9703021865;B
20240227;103414;61.59;200;9703021866;B
20240227;103414;61.59;1200;9703021867;B
20240227;103414;61.59;100;9703021868;B
20240227;103414;61.595;4500;9703021869;B
20240227;103416;61.575;100;9703022179;S
20240227;103417;61.595;1200;9703022242;B
20240227;103422;61.59;1000;9703023059;S
20240227;103422;61.585;300;9703023064;B
20240227;103432;61.59;500;9703024784;B
20240227;103432;61.59;500;9703024785;B
20240227;103432;61.595;100;9703024889;B
20240227;103437;61.595;1200;9703025974;B
20240227;103442;61.59;100;9703026928;S
20240227;103442;61.59;900;9703026929;S
20240227;103442;61.595;100;9703026961;B
20240227;103442;61.595;1100;9703026962;B
20240227;103447;61.595;1200;9703027733;B
20240227;103452;61.595;1100;9703028500;B
20240227;103457;61.595;1100;9703029039;B
20240227;103500;61.59;100;9703029658;S
20240227;103502;61.595;1000;9703030132;B
20240227;103503;61.59;100;9703030182;S
20240227;103504;61.59;100;9703030369;S
20240227;103504;61.59;200;9703030370;S
20240227;103511;61.59;100;9703031461;B
20240227;103512;61.59;100;9703031628;B
20240227;103512;61.59;500;9703031629;B
20240227;103512;61.59;300;9703031630;B
20240227;103517;61.59;900;9703032559;B
20240227;103522;61.59;300;9703033294;B
20240227;103522;61.595;500;9703033297;B
20240227;103526;61.59;200;9703033762;S
20240227;103526;61.585;100;9703033763;S
20240227;103527;61.595;800;9703033951;B
20240227;103533;61.595;700;9703034476;B
20240227;103533;61.595;200;9703034477;B
20240227;103537;61.595;900;9703034931;B
20240227;103538;61.595;900;9703035055;B
20240227;103538;61.595;100;9703035056;B
20240227;103538;61.595;500;9703035057;B
20240227;103538;61.595;900;9703035058;B
20240227;103538;61.585;1000;9703035112;S
20240227;103542;61.585;800;9703035464;S
20240227;103542;61.585;300;9703035465;S
20240227;103542;61.595;900;9703035471;B
20240227;103544;61.585;100;9703035770;S
20240227;103545;61.585;1200;9703035826;B
20240227;103545;61.59;500;9703035827;B
20240227;103545;61.58;100;9703035855;S
20240227;103546;61.595;100;9703035958;B
20240227;103547;61.58;1300;9703036053;S
20240227;103547;61.58;100;9703036054;S
20240227;103547;61.575;100;9703036055;S
20240227;103547;61.595;200;9703036068;B
20240227;103547;61.595;600;9703036069;B
20240227;103547;61.58;800;9703036086;S
20240227;103547;61.575;200;9703036087;S
20240227;103549;61.575;800;9703036305;S
20240227;103552;61.575;300;9703036544;S
20240227;103552;61.575;500;9703036545;S
20240227;103552;61.575;400;9703036546;S
20240227;103552;61.595;800;9703036586;B
20240227;103555;61.59;100;9703036990;S
20240227;103557;61.6;800;9703037165;B
20240227;103558;61.59;100;9703037302;S
20240227;103558;61.59;300;9703037303;S
