<DATE>;<TIME>;<LAST>;<VOL>;<ID>;<OPER>
20240205;095943;56.950000000;500;9523276492;B
20240205;095943;56.950000000;200;9523276493;B
20240205;095943;56.950000000;100;9523276494;B
20240205;095943;56.950000000;400;9523276495;S
20240205;095943;56.950000000;100;9523276496;S
20240205;095943;56.950000000;900;9523276497;S
20240205;095943;56.950000000;3000;9523276498;B
20240205;095943;56.950000000;300;9523276499;B
20240205;095943;56.950000000;100;9523276500;S
20240205;095943;56.950000000;100;9523276501;S
20240205;095943;56.950000000;100;9523276502;S
20240205;095943;56.950000000;200;9523276503;B
20240205;095943;56.950000000;300;9523276504;B
20240205;095943;56.950000000;100;9523276505;B
20240205;095943;56.950000000;3900;9523276506;B
20240205;095943;56.950000000;700;9523276507;B
20240205;095943;56.950000000;400;9523276508;B
20240205;095943;56.950000000;100;9523276509;S
20240205;095943;56.950000000;100;9523276510;B
20240205;095943;56.950000000;100;9523276511;B
20240205;095943;56.950000000;100;9523276512;S
20240205;095943;56.950000000;10000;9523276513;B
20240205;095943;56.950000000;18000;9523276514;B
20240205;095943;56.950000000;1200;9523276515;S
20240205;095943;56.950000000;100;9523276516;S
20240205;095943;56.950000000;3100;9523276517;S
20240205;095943;56.950000000;100;9523276518;S
20240205;095943;56.950000000;100;9523276519;S
20240205;095943;56.950000000;200;9523276520;S
20240205;095943;56.950000000;100;9523276521;S
20240205;095943;56.950000000;100;9523276522;S
20240205;095943;56.950000000;500;9523276523;S
20240205;095943;56.950000000;100;9523276524;S
20240205;095943;56.950000000;100;9523276525;S
20240205;095943;56.950000000;800;9523276526;S
20240205;095943;56.950000000;100;9523276527;B
20240205;095943;56.950000000;100;9523276528;B
20240205;095943;56.950000000;200;9523276529;B
20240205;095943;56.950000000;100;9523276530;B
20240205;100000;56.950000000;2000;9523283685;B
20240205;100000;56.950000000;2000;9523283689;B
20240205;100000;56.945000000;100;9523283880;S
20240205;100000;56.940000000;100;9523283881;S
20240205;100000;56.950000000;200;9523284306;B
20240205;100000;56.950000000;6700;9523284644;B
20240205;100000;56.950000000;1400;9523284742;B
20240205;100000;56.950000000;100;9523284756;B
20240205;100000;56.950000000;300;9523284989;B
20240205;100000;56.950000000;100;9523285257;B
20240205;100001;56.950000000;1000;9523285367;B
20240205;100001;56.950000000;6800;9523285462;B
20240205;100001;56.950000000;500;9523285589;B
20240205;100002;56.950000000;400;9523287272;B
20240205;100002;56.950000000;300;9523287298;B
20240205;100002;56.950000000;5100;9523287356;B
20240205;100002;56.940000000;1900;9523287808;S
20240205;100002;56.935000000;600;9523287809;S
20240205;100002;56.950000000;5300;9523287837;B
20240205;100002;56.950000000;16600;9523288450;B
20240205;100002;56.950000000;3000;9523288451;B
20240205;100002;56.950000000;100;9523288452;B
20240205;100002;56.950000000;400;9523288453;B
20240205;100002;56.950000000;400;9523288454;B
20240205;100002;56.950000000;400;9523288455;B
20240205;100003;56.970000000;100;9523288652;B
20240205;100003;56.970000000;100;9523288653;B
20240205;100003;56.970000000;2000;9523288704;B
20240205;100003;56.970000000;100;9523288705;B
20240205;100003;56.975000000;100;9523288706;B
20240205;100003;56.980000000;200;9523288763;B
20240205;100003;57.000000000;1000;9523289066;B
20240205;100003;57.000000000;100;9523289548;B
20240205;100003;57.000000000;1000;9523289549;B
20240205;100004;57.025000000;100;9523289847;B
20240205;100004;57.030000000;900;9523289848;B
20240205;100004;57.020000000;400;9523290384;B
20240205;100004;57.030000000;400;9523290385;B
20240205;100004;57.030000000;2200;9523290491;B
20240205;100005;57.030000000;800;9523291444;B
20240205;100005;57.070000000;1200;9523291445;B
20240205;100005;57.075000000;3000;9523291446;B
20240205;100005;57.020000000;100;9523292421;S
20240205;100005;57.065000000;100;9523292432;B
20240205;100005;57.025000000;400;9523292433;S
20240205;100005;57.065000000;100;9523292642;B
20240205;100006;57.060000000;1700;9523294479;S
20240205;100006;57.060000000;300;9523295428;S
20240205;100006;57.090000000;100;9523295440;B
20240205;100006;57.090000000;100;9523295832;B
20240205;100006;57.090000000;1000;9523296152;B
20240205;100006;57.060000000;100;9523296197;S
20240205;100006;57.090000000;100;9523296256;B
20240205;100006;57.090000000;100;9523296724;B
20240205;100007;57.090000000;300;9523297209;B
20240205;100007;57.090000000;300;9523297980;B
20240205;100007;57.045000000;400;9523298531;S
20240205;100008;57.045000000;100;9523299757;S
20240205;100008;57.085000000;100;9523300088;B
20240205;100008;57.085000000;100;9523300766;B
20240205;100008;57.085000000;600;9523301373;B
20240205;100008;57.085000000;2300;9523301378;S
20240205;100008;57.090000000;100;9523301506;B
20240205;100008;57.045000000;100;9523301665;S
20240205;100010;57.090000000;200;9523303090;B
20240205;100010;57.040000000;5300;9523303367;S
20240205;100010;57.035000000;800;9523303368;S
20240205;100010;57.010000000;500;9523303369;S
20240205;100010;57.000000000;800;9523303370;S
20240205;100010;56.995000000;6400;9523303371;S
20240205;100010;56.985000000;100;9523303372;S
20240205;100010;56.980000000;4600;9523303373;S
20240205;100010;56.975000000;10000;9523303374;S
20240205;100010;56.970000000;1000;9523303375;S
20240205;100010;56.965000000;12000;9523303376;S
20240205;100010;56.965000000;7000;9523303377;S
20240205;100010;56.965000000;4600;9523303378;S
20240205;100010;56.965000000;30000;9523303379;S
20240205;100010;56.960000000;12200;9523303380;S
20240205;100010;56.935000000;2300;9523303381;S
20240205;100010;56.930000000;1800;9523303382;S
20240205;100010;56.930000000;100;9523303383;S
20240205;100010;56.930000000;500;9523303384;S
20240205;100010;56.930000000;3500;9523303545;S
20240205;100010;57.065000000;1200;9523303631;B
20240205;100010;57.065000000;100;9523303659;B
20240205;100010;57.065000000;200;9523303723;B
20240205;100010;56.940000000;800;9523303758;S
20240205;100010;57.065000000;100;9523303769;B
20240205;100010;56.950000000;500;9523303882;S
20240205;100010;57.055000000;100;9523303888;B
20240205;100010;57.055000000;100;9523304011;B
20240205;100010;56.950000000;200;9523304023;S
20240205;100010;57.055000000;500;9523304027;B
20240205;100010;57.055000000;1000;9523304081;B
20240205;100011;57.055000000;100;9523304133;B
20240205;100011;57.055000000;300;9523304255;B
20240205;100011;57.045000000;700;9523304356;B
20240205;100011;57.040000000;100;9523304621;S
20240205;100011;57.055000000;200;9523304791;B
20240205;100011;57.055000000;100;9523304792;B
20240205;100011;57.055000000;1300;9523304802;B
20240205;100011;57.060000000;600;9523304826;B
20240205;100012;57.050000000;100;9523304988;B
20240205;100012;57.050000000;200;9523305010;B
20240205;100013;57.055000000;1200;9523305976;S
20240205;100015;57.040000000;500;9523307106;B
20240205;100015;57.045000000;200;9523307107;B
20240205;100016;57.050000000;500;9523307655;B
20240205;100016;57.060000000;5500;9523307656;B
20240205;100017;57.060000000;100;9523308516;B
20240205;100018;57.060000000;100;9523309286;B
20240205;100020;57.005000000;400;9523310931;S
20240205;100022;57.050000000;900;9523312253;S
20240205;100023;57.050000000;1000;9523312605;S
20240205;100024;57.050000000;100;9523312934;S
20240205;100024;57.050000000;500;9523313221;S
20240205;100025;57.050000000;900;9523313501;S
20240205;100025;57.055000000;100;9523313577;B
20240205;100025;57.060000000;500;9523313871;B
20240205;100027;57.060000000;1700;9523314442;B
20240205;100029;57.055000000;1500;9523315767;S
20240205;100030;57.060000000;1600;9523316351;S
20240205;100031;57.060000000;300;9523316816;S
20240205;100032;57.065000000;400;9523317497;B
20240205;100032;57.060000000;1400;9523317617;S
20240205;100034;57.060000000;300;9523318259;S
20240205;100034;57.060000000;1100;9523318447;S
20240205;100035;57.065000000;1000;9523318622;B
20240205;100035;57.060000000;2500;9523318783;S
20240205;100036;57.010000000;2300;9523319373;S
20240205;100036;57.005000000;5300;9523319374;S
20240205;100036;57.000000000;100;9523319375;S
20240205;100036;57.000000000;500;9523319376;S
20240205;100036;57.000000000;100;9523319377;S
20240205;100036;56.965000000;800;9523319378;S
20240205;100036;56.965000000;1800;9523319379;S
20240205;100036;56.960000000;4000;9523319380;S
20240205;100036;56.915000000;3000;9523319381;S
20240205;100036;56.905000000;100;9523319382;S
20240205;100036;56.905000000;5700;9523319383;S
20240205;100036;56.900000000;2000;9523319384;S
20240205;100036;56.900000000;300;9523319385;S
20240205;100036;56.900000000;10000;9523319386;S
20240205;100036;56.900000000;100;9523319387;S
20240205;100036;56.900000000;100;9523319388;S
20240205;100036;56.895000000;100;9523319389;S
20240205;100036;56.885000000;3600;9523319390;S
20240205;100036;56.885000000;12000;9523319391;S
20240205;100036;56.880000000;5000;9523319392;S
20240205;100036;56.880000000;10000;9523319393;S
20240205;100036;56.880000000;30000;9523319394;S
20240205;100036;56.865000000;100;9523319395;S
20240205;100036;56.865000000;2000;9523319396;S
20240205;100036;56.865000000;200;9523319397;S
20240205;100036;56.860000000;200;9523319398;S
20240205;100036;56.855000000;100;9523319399;S
20240205;100036;56.850000000;100;9523319400;S
20240205;100036;56.850000000;100;9523319401;S
20240205;100036;56.850000000;200;9523319402;S
20240205;100036;56.850000000;100;9523319403;S
20240205;100037;56.885000000;2500;9523319571;S
20240205;100037;56.890000000;500;9523319587;S
20240205;100037;56.890000000;4000;9523319601;S
20240205;100037;56.885000000;1500;9523319602;S
20240205;100037;56.855000000;2000;9523319603;S
20240205;100037;56.850000000;400;9523319604;S
20240205;100037;56.850000000;100;9523319605;S
20240205;100037;56.840000000;200;9523319606;S
20240205;100037;56.840000000;100;9523319607;S
20240205;100037;56.825000000;100;9523319608;S
20240205;100037;56.825000000;500;9523319609;S
20240205;100037;56.825000000;1100;9523319610;S
20240205;100037;56.870000000;2400;9523319640;S
20240205;100037;56.865000000;2600;9523319641;S
20240205;100037;56.865000000;1400;9523319650;S
20240205;100037;56.865000000;8600;9523319651;B
20240205;100037;56.860000000;300;9523319660;S
20240205;100037;56.965000000;100;9523319697;B
20240205;100037;56.860000000;700;9523319713;S
20240205;100037;56.860000000;4000;9523319714;S
20240205;100037;56.860000000;1000;9523319715;S
20240205;100037;56.855000000;600;9523319716;S
20240205;100037;56.850000000;2000;9523319717;S
20240205;100037;56.825000000;6200;9523319718;S
20240205;100037;56.825000000;5500;9523319719;S
20240205;100037;56.870000000;100;9523319752;S
20240205;100037;56.890000000;400;9523319788;B
20240205;100037;56.970000000;600;9523319789;B
20240205;100038;56.895000000;200;9523320027;S
20240205;100038;56.890000000;100;9523320028;S
20240205;100039;56.900000000;100;9523320469;B
20240205;100043;56.980000000;200;9523321581;S
20240205;100044;57.030000000;100;9523321915;B
20240205;100044;57.020000000;500;9523321935;B
20240205;100047;56.900000000;500;9523323009;S
20240205;100047;56.890000000;400;9523323010;S
20240205;100047;56.860000000;100;9523323011;S
20240205;100047;56.860000000;600;9523323012;S
20240205;100047;56.855000000;1000;9523323013;S
20240205;100047;56.855000000;1000;9523323014;S
20240205;100047;56.850000000;1400;9523323015;S
20240205;100049;56.930000000;200;9523323826;B
20240205;100049;56.935000000;300;9523323827;B
20240205;100050;56.925000000;500;9523324033;B
20240205;100050;56.935000000;700;9523324034;B
20240205;100050;56.970000000;800;9523324035;B
20240205;100050;56.990000000;1200;9523324036;B
20240205;100052;56.960000000;1000;9523324753;B
20240205;100053;57.050000000;100;9523325324;B
20240205;100054;57.045000000;300;9523325577;S
20240205;100055;57.000000000;200;9523325915;S
20240205;100055;57.045000000;200;9523326044;S
20240205;100058;57.065000000;200;9523327049;B
20240205;100058;57.055000000;1400;9523327206;S
20240205;100101;57.055000000;3400;9523328179;S
20240205;100107;57.000000000;300;9523329647;S
20240205;100114;57.000000000;1800;9523332077;S
20240205;100115;57.040000000;200;9523332625;S
20240205;100117;57.040000000;400;9523333123;S
20240205;100119;57.040000000;300;9523333747;S
20240205;100119;57.000000000;700;9523333748;S
20240205;100119;57.045000000;100;9523333795;B
20240205;100121;57.060000000;100;9523334116;B
20240205;100121;57.045000000;1000;9523334212;S
20240205;100130;57.045000000;400;9523336940;S
20240205;100130;57.045000000;100;9523336941;S
20240205;100130;57.040000000;900;9523336942;S
20240205;100133;57.040000000;500;9523337556;S
20240205;100134;57.045000000;100;9523337860;B
20240205;100134;57.045000000;800;9523337948;B
20240205;100134;57.060000000;200;9523337949;B
20240205;100134;57.060000000;3400;9523337986;B
20240205;100134;57.065000000;1800;9523337987;B
20240205;100135;57.065000000;500;9523338122;S
20240205;100136;57.065000000;3000;9523338656;S
20240205;100136;57.060000000;100;9523338657;S
20240205;100136;57.040000000;8600;9523338658;S
20240205;100136;57.005000000;800;9523338659;S
20240205;100136;57.000000000;6000;9523338660;S
20240205;100136;57.000000000;500;9523338661;S
20240205;100136;57.000000000;300;9523338662;S
20240205;100136;56.990000000;100;9523338663;S
20240205;100136;56.990000000;4400;9523338664;S
20240205;100136;56.950000000;1000;9523338665;S
20240205;100136;56.910000000;1200;9523338666;S
20240205;100136;56.910000000;100;9523338667;S
20240205;100136;56.905000000;3000;9523338668;S
20240205;100136;56.905000000;3000;9523338669;S
20240205;100136;56.900000000;900;9523338670;S
20240205;100136;56.890000000;5300;9523338671;S
20240205;100136;56.885000000;4000;9523338672;S
20240205;100136;56.875000000;30000;9523338673;S
20240205;100136;56.850000000;3600;9523338674;S
20240205;100136;56.850000000;1000;9523338675;S
20240205;100136;56.850000000;5000;9523338676;S
20240205;100136;56.845000000;1000;9523338677;S
20240205;100136;56.840000000;200;9523338678;S
20240205;100136;56.840000000;16900;9523338679;S
20240205;100136;56.850000000;1000;9523338685;S
20240205;100136;56.850000000;2600;9523338686;S
20240205;100136;56.850000000;400;9523338687;B
20240205;100136;56.850000000;600;9523338688;B
20240205;100136;56.850000000;200;9523338828;B
20240205;100136;56.850000000;3500;9523338915;B
20240205;100137;56.855000000;1000;9523338934;B
20240205;100137;56.850000000;100;9523338935;S
20240205;100137;56.850000000;600;9523339143;B
20240205;100137;56.850000000;1000;9523339144;B
20240205;100137;56.930000000;2000;9523339145;B
20240205;100137;56.925000000;100;9523339160;S
20240205;100137;56.925000000;900;9523339170;S
20240205;100137;56.925000000;5000;9523339171;S
20240205;100137;56.925000000;2000;9523339172;S
20240205;100137;56.925000000;1000;9523339173;S
20240205;100137;56.925000000;2000;9523339174;S
20240205;100137;56.925000000;3000;9523339175;S
20240205;100137;56.925000000;1000;9523339176;S
20240205;100137;56.925000000;1000;9523339177;S
20240205;100137;56.925000000;5000;9523339178;S
20240205;100137;56.925000000;3600;9523339179;S
20240205;100138;56.850000000;100;9523339245;S
20240205;100141;56.915000000;200;9523340156;B
20240205;100143;56.895000000;100;9523340768;B
20240205;100146;56.895000000;100;9523341682;B
20240205;100148;56.905000000;500;9523342281;B
20240205;100154;56.905000000;2900;9523344257;S
20240205;100155;56.905000000;100;9523344788;B
20240205;100157;56.870000000;700;9523345514;S
20240205;100157;56.870000000;3600;9523345515;S
20240205;100157;56.870000000;700;9523345516;S
20240205;100204;56.900000000;100;9523347473;S
20240205;100204;56.900000000;200;9523347474;S
20240205;100212;56.940000000;1000;9523349902;B
20240205;100212;56.945000000;1000;9523349903;B
20240205;100224;57.000000000;100;9523353762;B
20240205;100228;57.000000000;100;9523354835;B
20240205;100228;56.995000000;1100;9523354888;S
20240205;100228;56.995000000;400;9523354929;S
20240205;100233;57.000000000;300;9523356804;B
20240205;100233;57.005000000;800;9523356805;B
20240205;100234;56.995000000;700;9523357023;S
20240205;100235;56.995000000;100;9523357110;S
20240205;100235;56.995000000;1300;9523357144;S
20240205;100235;56.995000000;1100;9523357145;S
20240205;100235;56.965000000;100;9523357146;S
20240205;100235;56.965000000;1500;9523357147;S
20240205;100240;56.965000000;100;9523358877;S
20240205;100240;56.995000000;200;9523358913;B
20240205;100245;56.995000000;100;9523360104;B
20240205;100250;56.995000000;100;9523361120;B
20240205;100301;56.965000000;1000;9523363765;S
20240205;100301;56.965000000;400;9523363911;S
20240205;100304;56.965000000;600;9523364431;S
20240205;100312;56.995000000;100;9523366358;B
20240205;100312;56.995000000;100;9523366359;B
20240205;100312;57.000000000;500;9523366360;B
20240205;100313;57.000000000;100;9523366636;S
20240205;100314;57.000000000;1300;9523367010;S
20240205;100317;57.015000000;1500;9523367648;B
20240205;100318;57.000000000;100;9523368222;S
20240205;100319;57.000000000;5800;9523368771;S
20240205;100321;56.995000000;300;9523369132;S
20240205;100326;57.000000000;400;9523370049;B
20240205;100326;57.005000000;6400;9523370050;B
20240205;100326;57.005000000;3600;9523370051;B
20240205;100326;57.010000000;800;9523370052;B
20240205;100326;57.010000000;8600;9523370053;B
20240205;100326;57.015000000;500;9523370054;B
20240205;100326;57.025000000;4700;9523370055;B
20240205;100331;57.020000000;100;9523371245;B
20240205;100331;57.025000000;100;9523371299;S
20240205;100342;57.020000000;200;9523373583;B
20240205;100347;57.030000000;400;9523374991;B
20240205;100347;57.035000000;400;9523374992;B
20240205;100347;57.040000000;200;9523374993;B
20240205;100349;57.020000000;600;9523375286;B
20240205;100401;57.000000000;7000;9523378408;S
20240205;100407;57.000000000;3000;9523379653;S
20240205;100408;56.985000000;500;9523379991;B
20240205;100411;56.990000000;400;9523380615;B
20240205;100411;56.995000000;600;9523380616;B
20240205;100415;56.995000000;100;9523381479;B
20240205;100417;56.995000000;300;9523381827;B
20240205;100418;57.000000000;500;9523382030;B
20240205;100419;56.970000000;100;9523382080;S
20240205;100419;56.970000000;400;9523382081;S
20240205;100419;56.965000000;4500;9523382082;S
20240205;100425;56.985000000;400;9523383150;B
20240205;100430;56.985000000;800;9523384285;B
20240205;100430;56.995000000;200;9523384286;B
20240205;100436;56.995000000;300;9523385288;B
20240205;100436;56.995000000;300;9523385289;B
20240205;100436;56.995000000;400;9523385313;B
20240205;100437;56.990000000;5000;9523385556;S
20240205;100443;56.980000000;100;9523386539;S
20240205;100443;56.990000000;300;9523386554;B
20240205;100443;56.995000000;200;9523386555;B
20240205;100447;56.990000000;100;9523387758;B
20240205;100448;56.980000000;200;9523388285;S
20240205;100448;56.970000000;200;9523388286;S
20240205;100448;56.965000000;1600;9523388287;S
20240205;100455;56.970000000;200;9523389602;S
20240205;100455;56.970000000;200;9523389789;B
20240205;100458;56.970000000;100;9523390524;B
20240205;100458;56.970000000;500;9523390651;B
20240205;100500;56.970000000;1000;9523390903;B
20240205;100500;56.965000000;300;9523390985;S
20240205;100500;56.965000000;200;9523390986;S
20240205;100503;56.970000000;100;9523391587;B
20240205;100504;56.970000000;100;9523391972;B
20240205;100507;56.970000000;100;9523392744;B
20240205;100511;56.970000000;200;9523393648;B
20240205;100515;56.970000000;200;9523394235;B
20240205;100515;56.965000000;800;9523394313;S
20240205;100515;56.965000000;500;9523394314;S
20240205;100515;56.950000000;2000;9523394315;S
20240205;100515;56.945000000;200;9523394316;S
20240205;100525;56.955000000;300;9523396512;S
20240205;100525;56.945000000;100;9523396513;S
20240205;100527;56.970000000;300;9523396860;B
20240205;100530;56.970000000;100;9523397356;B
20240205;100540;56.995000000;200;9523399617;B
20240205;100540;56.995000000;1000;9523399618;B
20240205;100540;57.000000000;100;9523399619;B
20240205;100540;57.000000000;400;9523399620;B
20240205;100542;56.995000000;100;9523400174;B
20240205;100542;57.000000000;800;9523400175;B
20240205;100545;56.975000000;100;9523400639;S
20240205;100554;56.975000000;100;9523402536;S
20240205;100556;56.980000000;100;9523402806;B
20240205;100556;56.975000000;900;9523402958;S
20240205;100556;56.970000000;500;9523402959;S
20240205;100556;56.970000000;200;9523402960;S
20240205;100556;56.970000000;600;9523402961;B
20240205;100601;56.970000000;1000;9523404003;B
20240205;100604;56.970000000;100;9523404804;B
20240205;100604;56.970000000;1000;9523404814;B
20240205;100613;56.965000000;1400;9523406791;S
20240205;100613;56.970000000;900;9523406812;B
20240205;100614;56.965000000;100;9523406822;S
20240205;100614;56.965000000;1500;9523406873;S
20240205;100614;56.965000000;1400;9523406874;S
20240205;100617;56.970000000;1000;9523407676;B
20240205;100621;56.955000000;2600;9523408436;S
20240205;100621;56.955000000;600;9523408467;S
20240205;100621;56.950000000;300;9523408468;S
20240205;100621;56.950000000;100;9523408469;S
20240205;100621;56.950000000;500;9523408470;S
20240205;100621;56.945000000;300;9523408471;S
20240205;100621;56.940000000;400;9523408472;S
20240205;100624;56.970000000;100;9523409000;B
20240205;100625;56.970000000;100;9523409399;B
20240205;100628;56.950000000;200;9523409940;S
20240205;100628;56.950000000;200;9523409941;S
20240205;100628;56.940000000;600;9523409942;S
20240205;100628;56.970000000;300;9523409947;B
20240205;100630;56.945000000;1000;9523410265;S
20240205;100630;56.940000000;2400;9523410266;S
20240205;100630;56.940000000;600;9523410267;S
20240205;100634;56.950000000;100;9523411082;S
20240205;100634;56.950000000;900;9523411083;S
20240205;100636;56.955000000;100;9523411401;B
20240205;100636;56.960000000;200;9523411402;B
20240205;100639;56.945000000;500;9523412010;B
20240205;100640;56.945000000;400;9523412131;B
20240205;100643;56.940000000;100;9523412649;S
20240205;100643;56.940000000;1000;9523412650;S
20240205;100643;56.935000000;200;9523412700;S
20240205;100644;56.935000000;800;9523412906;S
20240205;100644;56.920000000;100;9523412907;S
20240205;100644;56.920000000;300;9523412934;S
20240205;100645;56.920000000;600;9523413216;S
20240205;100645;56.920000000;500;9523413217;S
20240205;100645;56.915000000;900;9523413218;S
20240205;100650;56.915000000;800;9523414235;S
20240205;100650;56.915000000;400;9523414400;S
20240205;100650;56.915000000;3100;9523414401;S
20240205;100651;56.915000000;400;9523414520;S
20240205;100651;56.915000000;2000;9523414542;S
20240205;100653;56.920000000;200;9523415044;B
20240205;100653;56.930000000;300;9523415045;B
20240205;100653;56.930000000;200;9523415102;B
20240205;100653;56.930000000;300;9523415103;B
20240205;100653;56.915000000;200;9523415181;S
20240205;100654;56.915000000;100;9523415204;S
20240205;100654;56.915000000;4200;9523415333;S
20240205;100654;56.915000000;100;9523415334;S
20240205;100654;56.915000000;400;9523415335;S
20240205;100654;56.905000000;400;9523415336;S
20240205;100654;56.900000000;200;9523415337;S
20240205;100656;56.920000000;100;9523415660;S
20240205;100656;56.915000000;200;9523415661;S
20240205;100656;56.905000000;200;9523415662;S
20240205;100656;56.925000000;100;9523415710;B
20240205;100657;56.905000000;200;9523415807;S
20240205;100657;56.925000000;100;9523415828;B
20240205;100657;56.925000000;3400;9523415862;B
20240205;100657;56.925000000;1000;9523415863;B
20240205;100657;56.930000000;700;9523415864;B
20240205;100657;56.930000000;300;9523415865;B
20240205;100657;56.930000000;1000;9523415866;B
20240205;100659;56.930000000;1700;9523416113;S
20240205;100659;56.930000000;400;9523416205;S
20240205;100703;56.930000000;2000;9523417184;S
20240205;100704;56.930000000;2000;9523417462;S
20240205;100705;56.930000000;900;9523417627;S
20240205;100707;56.930000000;600;9523418111;S
20240205;100707;56.930000000;100;9523418144;S
20240205;100707;56.935000000;400;9523418212;B
20240205;100708;56.930000000;7500;9523418277;S
20240205;100708;56.930000000;200;9523418320;S
20240205;100709;56.935000000;3200;9523418505;B
20240205;100709;56.935000000;500;9523418506;B
20240205;100709;56.940000000;3000;9523418507;B
20240205;100709;56.940000000;300;9523418508;B
20240205;100709;56.940000000;1000;9523418509;B
20240205;100709;56.945000000;7100;9523418510;B
20240205;100709;56.945000000;1000;9523418511;B
20240205;100709;56.950000000;3900;9523418512;B
20240205;100710;56.930000000;7200;9523418640;S
20240205;100710;56.925000000;300;9523418641;S
20240205;100710;56.920000000;4500;9523418642;S
20240205;100710;56.920000000;500;9523418713;S
20240205;100715;56.915000000;200;9523419590;B
20240205;100717;56.915000000;500;9523420174;B
20240205;100720;56.900000000;300;9523420861;S
20240205;100720;56.900000000;100;9523420862;S
20240205;100720;56.900000000;200;9523420863;S
20240205;100720;56.915000000;100;9523420912;B
20240205;100722;56.900000000;200;9523421207;S
20240205;100724;56.900000000;200;9523421520;S
20240205;100725;56.915000000;500;9523421775;B
20240205;100730;56.905000000;200;9523422683;S
20240205;100736;56.915000000;1000;9523423742;B
20240205;100739;56.905000000;300;9523424204;S
20240205;100739;56.905000000;500;9523424205;S
20240205;100739;56.905000000;800;9523424206;S
20240205;100742;56.900000000;200;9523424844;S
20240205;100745;56.910000000;1000;9523425183;B
20240205;100745;56.910000000;1000;9523425184;B
20240205;100745;56.915000000;300;9523425185;B
20240205;100745;56.915000000;1000;9523425186;B
20240205;100745;56.920000000;2000;9523425187;B
20240205;100745;56.920000000;500;9523425188;B
20240205;100745;56.900000000;200;9523425214;S
20240205;100747;56.900000000;2100;9523425670;S
20240205;100747;56.900000000;1300;9523425702;S
20240205;100751;56.900000000;200;9523426382;S
20240205;100752;56.910000000;500;9523426590;B
20240205;100752;56.900000000;1000;9523426591;S
20240205;100753;56.910000000;500;9523426623;B
20240205;100753;56.910000000;1000;9523426624;B
20240205;100753;56.920000000;1000;9523426625;B
20240205;100753;56.920000000;100;9523426626;B
20240205;100753;56.925000000;300;9523426627;B
20240205;100753;56.925000000;1000;9523426628;B
20240205;100753;56.930000000;3600;9523426629;B
20240205;100753;56.935000000;2500;9523426630;B
20240205;100755;56.905000000;400;9523427081;S
20240205;100755;56.900000000;600;9523427082;S
20240205;100757;56.900000000;200;9523427633;S
20240205;100759;56.900000000;300;9523427938;S
20240205;100801;56.900000000;4300;9523428665;S
20240205;100801;56.900000000;200;9523428666;S
20240205;100801;56.900000000;200;9523428667;S
20240205;100802;56.900000000;100;9523428937;S
20240205;100802;56.900000000;200;9523428938;S
20240205;100815;56.910000000;400;9523431326;B
20240205;100824;56.910000000;300;9523432933;B
20240205;100824;56.910000000;700;9523432934;B
20240205;100829;56.900000000;500;9523433763;S
20240205;100833;56.900000000;500;9523434355;S
20240205;100838;56.900000000;1800;9523435300;S
20240205;100838;56.900000000;100;9523435301;S
20240205;100838;56.900000000;100;9523435302;S
20240205;100838;56.900000000;2500;9523435303;S
20240205;100838;56.900000000;100;9523435304;S
20240205;100838;56.900000000;200;9523435305;S
20240205;100841;56.900000000;3500;9523436010;B
20240205;100841;56.905000000;400;9523436011;B
20240205;100843;56.905000000;200;9523436204;S
20240205;100843;56.905000000;2000;9523436210;S
20240205;100844;56.905000000;3900;9523436366;S
20240205;100852;56.900000000;100;9523437717;B
20240205;100907;56.905000000;1000;9523440864;S
20240205;100908;56.905000000;100;9523441092;S
20240205;100912;56.900000000;1800;9523442047;S
20240205;100914;56.905000000;300;9523442383;B
20240205;100914;56.910000000;100;9523442384;B
20240205;100914;56.910000000;900;9523442385;B
20240205;100914;56.910000000;500;9523442386;B
20240205;100916;56.910000000;900;9523442614;B
20240205;100917;56.900000000;700;9523442796;S
20240205;100917;56.900000000;100;9523442797;S
20240205;100917;56.900000000;500;9523442798;S
20240205;100917;56.900000000;200;9523442799;S
20240205;100919;56.895000000;200;9523443148;S
20240205;100919;56.895000000;1000;9523443149;S
20240205;100919;56.890000000;900;9523443150;S
20240205;100919;56.890000000;1000;9523443151;S
20240205;100919;56.885000000;100;9523443152;S
20240205;100919;56.885000000;1000;9523443153;S
20240205;100919;56.885000000;300;9523443154;S
20240205;100919;56.880000000;8700;9523443155;S
20240205;100920;56.900000000;500;9523443336;B
20240205;100920;56.905000000;300;9523443337;B
20240205;100920;56.910000000;200;9523443338;B
20240205;100923;56.895000000;100;9523443823;B
20240205;100926;56.880000000;1300;9523444390;S
20240205;100926;56.880000000;1000;9523444391;S
20240205;100926;56.875000000;100;9523444392;S
20240205;100926;56.875000000;600;9523444393;S
20240205;100929;56.880000000;100;9523445190;B
20240205;100930;56.870000000;100;9523445353;S
20240205;100930;56.870000000;100;9523445354;S
20240205;100930;56.865000000;1000;9523445355;S
20240205;100930;56.865000000;1000;9523445356;S
20240205;100930;56.860000000;400;9523445357;S
20240205;100930;56.860000000;100;9523445358;S
20240205;100930;56.860000000;1000;9523445359;S
20240205;100930;56.860000000;100;9523445360;S
20240205;100930;56.855000000;100;9523445361;S
20240205;100930;56.855000000;5000;9523445362;S
20240205;100930;56.855000000;700;9523445363;S
20240205;100930;56.855000000;2200;9523445364;S
20240205;100930;56.855000000;200;9523445365;S
20240205;100932;56.875000000;3600;9523445538;B
20240205;100932;56.880000000;4900;9523445539;B
20240205;100932;56.900000000;1500;9523445540;B
20240205;100937;56.855000000;500;9523446419;S
20240205;100938;56.855000000;1200;9523446619;S
20240205;100938;56.855000000;100;9523446620;S
20240205;100938;56.855000000;900;9523446621;S
20240205;100939;56.855000000;100;9523446718;S
20240205;100939;56.855000000;900;9523446719;S
20240205;100939;56.855000000;2500;9523446720;S
20240205;100940;56.875000000;100;9523446823;B
20240205;100940;56.890000000;3600;9523446904;B
20240205;100940;56.895000000;6400;9523446905;B
20240205;100943;56.870000000;600;9523447302;S
20240205;100953;56.875000000;100;9523449309;S
20240205;100953;56.875000000;900;9523449310;S
20240205;100958;56.875000000;100;9523450283;S
20240205;100958;56.865000000;1000;9523450284;S
20240205;100958;56.860000000;900;9523450285;S
20240205;100959;56.860000000;200;9523450502;S
20240205;101000;56.895000000;400;9523450657;B
20240205;101002;56.865000000;400;9523451077;S
20240205;101003;56.870000000;500;9523451291;B
20240205;101003;56.865000000;600;9523451361;S
20240205;101003;56.860000000;1000;9523451362;S
20240205;101003;56.860000000;3400;9523451363;S
20240205;101003;56.870000000;100;9523451364;B
20240205;101004;56.870000000;100;9523451382;B
20240205;101005;56.860000000;200;9523451819;S
20240205;101012;56.865000000;1000;9523452923;S
20240205;101012;56.865000000;300;9523452924;S
20240205;101012;56.870000000;100;9523452925;B
20240205;101012;56.870000000;300;9523452963;B
20240205;101013;56.860000000;800;9523453151;S
20240205;101013;56.860000000;2200;9523453152;S
20240205;101014;56.870000000;100;9523453361;B
20240205;101015;56.865000000;400;9523453584;S
20240205;101015;56.865000000;1000;9523453585;S
20240205;101023;56.870000000;2800;9523455041;B
20240205;101025;56.870000000;100;9523455449;B
20240205;101026;56.865000000;1000;9523455787;S
20240205;101026;56.865000000;200;9523455804;S
20240205;101026;56.870000000;100;9523455872;B
20240205;101031;56.870000000;1500;9523456792;B
20240205;101031;56.870000000;400;9523456793;B
20240205;101031;56.870000000;100;9523456794;B
20240205;101034;56.870000000;100;9523457319;B
20240205;101034;56.870000000;800;9523457320;B
20240205;101036;56.865000000;2400;9523457892;S
20240205;101036;56.865000000;1000;9523457893;S
20240205;101036;56.865000000;400;9523457894;S
20240205;101042;56.860000000;4800;9523458989;S
20240205;101042;56.860000000;800;9523458990;S
20240205;101043;56.860000000;100;9523459153;S
20240205;101043;56.865000000;500;9523459164;B
20240205;101044;56.865000000;700;9523459379;B
20240205;101046;56.870000000;100;9523459767;B
20240205;101048;56.865000000;1000;9523459996;S
20240205;101051;56.870000000;300;9523460554;B
20240205;101051;56.865000000;12300;9523460591;S
20240205;101100;56.870000000;1000;9523462795;B
20240205;101100;56.870000000;100;9523462805;B
20240205;101104;56.865000000;6000;9523463524;S
20240205;101104;56.860000000;1500;9523463525;S
20240205;101106;56.870000000;100;9523463755;B
20240205;101107;56.860000000;600;9523464151;S
20240205;101107;56.860000000;500;9523464152;S
20240205;101107;56.860000000;3700;9523464153;S
20240205;101111;56.870000000;100;9523464674;B
20240205;101111;56.870000000;100;9523464675;B
20240205;101112;56.870000000;100;9523464779;B
20240205;101118;56.870000000;200;9523465698;B
20240205;101120;56.870000000;100;9523466026;B
20240205;101137;56.870000000;800;9523468894;B
20240205;101137;56.870000000;1200;9523468895;B
20240205;101138;56.870000000;100;9523469069;B
20240205;101138;56.875000000;200;9523469070;B
20240205;101143;56.890000000;400;9523469793;S
20240205;101143;56.890000000;1000;9523469794;S
20240205;101143;56.885000000;700;9523469795;S
20240205;101144;56.895000000;200;9523469907;B
20240205;101151;56.890000000;400;9523470891;S
20240205;101151;56.890000000;1000;9523470892;S
20240205;101151;56.885000000;2900;9523470929;S
20240205;101151;56.885000000;1000;9523470930;S
20240205;101151;56.880000000;1000;9523470931;S
20240205;101151;56.880000000;5000;9523470932;S
20240205;101151;56.880000000;1000;9523470933;S
20240205;101151;56.880000000;400;9523470934;S
20240205;101151;56.870000000;4900;9523470935;S
20240205;101151;56.870000000;1000;9523470936;S
20240205;101151;56.870000000;500;9523470937;S
20240205;101151;56.870000000;6000;9523470938;S
20240205;101151;56.860000000;100;9523470939;S
20240205;101151;56.860000000;100;9523470940;S
20240205;101151;56.860000000;2000;9523470941;S
20240205;101151;56.860000000;200;9523470942;S
20240205;101151;56.860000000;200;9523470943;S
20240205;101151;56.860000000;4500;9523470944;S
20240205;101151;56.855000000;1200;9523470945;S
20240205;101151;56.855000000;300;9523470946;S
20240205;101151;56.855000000;100;9523470947;S
20240205;101151;56.855000000;800;9523470948;S
20240205;101151;56.855000000;100;9523470949;S
20240205;101151;56.855000000;1400;9523470950;S
20240205;101151;56.855000000;200;9523470951;S
20240205;101151;56.855000000;8000;9523470952;S
20240205;101151;56.855000000;800;9523470953;S
20240205;101151;56.850000000;1000;9523470954;S
20240205;101151;56.850000000;96600;9523470955;S
20240205;101152;56.885000000;300;9523471102;B
20240205;101158;56.885000000;1200;9523471941;B
20240205;101200;56.885000000;1500;9523472235;B
20240205;101200;56.890000000;2600;9523472236;B
20240205;101200;56.890000000;900;9523472242;S
20240205;101200;56.880000000;400;9523472243;S
20240205;101200;56.870000000;1500;9523472244;S
20240205;101200;56.860000000;700;9523472245;S
20240205;101200;56.855000000;3600;9523472246;S
20240205;101200;56.855000000;1000;9523472247;S
20240205;101200;56.855000000;6400;9523472248;S
20240205;101200;56.850000000;3400;9523472249;S
20240205;101200;56.850000000;100;9523472250;S
20240205;101200;56.850000000;1000;9523472251;S
20240205;101200;56.850000000;5000;9523472252;S
20240205;101200;56.850000000;500;9523472253;S
20240205;101200;56.850000000;700;9523472254;S
20240205;101200;56.850000000;3400;9523472255;S
20240205;101200;56.850000000;200;9523472256;S
20240205;101200;56.850000000;6000;9523472257;S
20240205;101200;56.850000000;10000;9523472258;S
20240205;101200;56.850000000;100;9523472259;S
20240205;101200;56.850000000;2500;9523472260;S
20240205;101200;56.850000000;100;9523472261;S
20240205;101201;56.850000000;3000;9523472371;B
20240205;101202;56.850000000;100;9523472458;B
20240205;101202;56.840000000;600;9523472545;S
20240205;101203;56.850000000;500;9523472820;B
20240205;101205;56.850000000;2000;9523473440;B
20240205;101206;56.850000000;300;9523473655;B
20240205;101211;56.850000000;200;9523474348;B
20240205;101212;56.850000000;200;9523474645;B
20240205;101216;56.840000000;100;9523475207;S
20240205;101218;56.850000000;1000;9523475596;B
20240205;101224;56.845000000;600;9523476749;S
20240205;101224;56.840000000;100;9523476750;S
20240205;101226;56.850000000;100;9523476999;B
20240205;101227;56.850000000;300;9523477265;B
20240205;101227;56.850000000;64800;9523477266;B
20240205;101227;56.850000000;5900;9523477267;B
20240205;101227;56.855000000;200;9523477268;B
20240205;101231;56.865000000;300;9523478153;S
20240205;101233;56.870000000;100;9523478634;S
20240205;101233;56.870000000;1000;9523478635;S
20240205;101233;56.860000000;1400;9523478636;S
20240205;101234;56.860000000;2000;9523478688;S
20240205;101239;56.865000000;400;9523479513;S
20240205;101239;56.865000000;1000;9523479514;S
20240205;101239;56.860000000;200;9523479515;S
20240205;101239;56.860000000;400;9523479516;S
20240205;101244;56.895000000;100;9523480168;B
20240205;101255;56.895000000;200;9523482074;B
20240205;101255;56.870000000;200;9523482084;S
20240205;101255;56.870000000;500;9523482085;S
20240205;101258;56.870000000;500;9523482532;S
20240205;101258;56.870000000;400;9523482533;S
20240205;101258;56.870000000;100;9523482535;B
20240205;101304;56.890000000;700;9523483542;B
20240205;101304;56.895000000;9100;9523483543;B
20240205;101304;56.900000000;2100;9523483544;B
20240205;101304;56.900000000;400;9523483602;B
20240205;101309;56.900000000;300;9523484829;B
20240205;101311;56.890000000;400;9523485204;S
20240205;101311;56.885000000;3600;9523485205;S
20240205;101311;56.885000000;1000;9523485206;S
20240205;101311;56.880000000;1000;9523485207;S
20240205;101311;56.875000000;1100;9523485208;S
20240205;101311;56.875000000;900;9523485209;S
20240205;101325;56.890000000;1600;9523487908;B
20240205;101325;56.900000000;1300;9523487909;B
20240205;101325;56.900000000;100;9523487910;B
20240205;101325;56.900000000;400;9523487911;B
20240205;101325;56.910000000;400;9523487912;B
20240205;101331;56.920000000;100;9523488982;B
20240205;101332;56.920000000;400;9523489071;B
20240205;101332;56.920000000;100;9523489209;S
20240205;101332;56.910000000;1200;9523489210;S
20240205;101332;56.910000000;400;9523489211;S
20240205;101336;56.925000000;6400;9523489858;B
20240205;101336;56.930000000;1400;9523489859;B
20240205;101336;56.935000000;2200;9523489860;B
20240205;101340;56.940000000;800;9523490636;B
20240205;101340;56.940000000;100;9523490637;B
20240205;101340;56.940000000;1300;9523490638;B
20240205;101340;56.945000000;2800;9523490639;B
20240205;101348;56.940000000;400;9523492580;B
20240205;101348;56.940000000;200;9523492581;B
20240205;101348;56.940000000;400;9523492582;B
20240205;101355;56.940000000;100;9523493638;B
20240205;101357;56.940000000;4900;9523493972;B
20240205;101357;56.945000000;400;9523493973;B
20240205;101357;56.950000000;2400;9523493974;B
20240205;101400;56.950000000;10000;9523494537;B
20240205;101403;56.950000000;2500;9523494889;B
20240205;101407;56.945000000;200;9523495666;S
20240205;101409;56.950000000;1000;9523495883;B
20240205;101410;56.950000000;10200;9523496056;B
20240205;101410;56.950000000;300;9523496057;B
20240205;101410;56.955000000;400;9523496058;B
20240205;101410;56.960000000;2000;9523496059;B
20240205;101410;56.960000000;5000;9523496060;B
20240205;101410;56.970000000;18300;9523496061;B
20240205;101410;56.980000000;4900;9523496062;B
20240205;101410;56.980000000;2000;9523496063;B
20240205;101410;56.985000000;2000;9523496064;B
20240205;101410;56.985000000;2000;9523496065;B
20240205;101416;56.990000000;1600;9523497228;B
20240205;101423;56.990000000;400;9523498525;B
20240205;101423;56.990000000;400;9523498526;B
20240205;101423;56.995000000;400;9523498527;B
20240205;101423;56.995000000;9200;9523498528;B
20240205;101423;57.000000000;8800;9523498529;B
20240205;101423;57.000000000;1000;9523498530;B
20240205;101423;57.000000000;400;9523498531;B
20240205;101423;57.000000000;4000;9523498532;B
20240205;101423;57.000000000;200;9523498533;B
20240205;101423;57.000000000;2000;9523498534;B
20240205;101423;57.000000000;500;9523498535;B
20240205;101423;57.000000000;5700;9523498536;B
20240205;101441;56.975000000;1800;9523501490;S
20240205;101445;56.995000000;100;9523502171;B
20240205;101452;57.000000000;2000;9523503164;B
20240205;101457;57.000000000;2100;9523504292;B
20240205;101501;57.000000000;100;9523504947;B
20240205;101501;56.985000000;100;9523505094;S
20240205;101501;56.985000000;100;9523505125;S
20240205;101504;56.990000000;400;9523505670;S
20240205;101504;56.985000000;2000;9523505671;S
20240205;101508;56.985000000;100;9523506281;S
20240205;101516;57.000000000;100;9523508352;B
20240205;101516;57.000000000;100;9523508401;B
20240205;101522;57.000000000;100;9523509819;B
20240205;101530;57.000000000;100;9523511525;B
20240205;101533;56.990000000;100;9523512113;S
20240205;101541;57.000000000;500;9523513862;B
20240205;101541;57.000000000;300;9523513863;B
20240205;101541;57.000000000;100;9523513864;B
20240205;101541;57.000000000;300;9523513865;B
20240205;101542;57.000000000;300;9523513950;B
20240205;101544;56.990000000;100;9523514402;S
20240205;101547;57.000000000;1000;9523514942;B
20240205;101548;57.000000000;500;9523515255;B
20240205;101548;57.015000000;300;9523515256;B
20240205;101548;57.020000000;100;9523515257;B
20240205;101548;57.020000000;400;9523515258;B
20240205;101548;57.020000000;500;9523515259;B
20240205;101549;57.020000000;2000;9523515386;B
20240205;101553;57.025000000;100;9523516146;B
20240205;101556;57.025000000;100;9523516699;B
20240205;101600;57.025000000;200;9523517347;B
20240205;101600;57.025000000;100;9523517348;B
20240205;101603;57.020000000;100;9523518007;B
20240205;101603;57.020000000;100;9523518076;B
20240205;101607;57.020000000;300;9523519049;B
20240205;101607;57.010000000;200;9523519076;S
20240205;101611;57.010000000;200;9523519772;S
20240205;101623;57.020000000;200;9523522536;B
20240205;101629;57.010000000;100;9523523612;S
20240205;101632;57.020000000;300;9523524131;B
20240205;101632;57.025000000;400;9523524132;B
20240205;101632;57.025000000;100;9523524133;B
20240205;101637;57.015000000;100;9523525117;S
20240205;101640;57.015000000;100;9523525911;S
20240205;101643;57.020000000;100;9523526362;S
20240205;101643;57.015000000;100;9523526393;S
20240205;101647;57.010000000;500;9523526989;S
20240205;101651;57.010000000;500;9523527650;S
20240205;101653;57.010000000;100;9523528013;S
20240205;101653;57.025000000;100;9523528106;B
20240205;101654;57.010000000;1900;9523528175;S
20240205;101654;57.000000000;1000;9523528176;S
20240205;101654;57.000000000;1400;9523528177;S
20240205;101657;57.020000000;400;9523528747;B
20240205;101657;57.020000000;1000;9523528748;B
20240205;101657;57.020000000;100;9523528749;B
20240205;101657;57.025000000;500;9523528750;B
20240205;101659;57.000000000;100;9523529065;S
20240205;101659;57.000000000;100;9523529215;S
20240205;101701;57.000000000;100;9523529412;S
20240205;101703;57.000000000;100;9523529826;S
20240205;101705;57.020000000;400;9523530364;B
20240205;101705;57.020000000;1000;9523530365;B
20240205;101705;57.020000000;200;9523530366;S
20240205;101705;57.000000000;100;9523530418;S
20240205;101706;57.000000000;100;9523530506;S
20240205;101709;57.000000000;100;9523531129;S
20240205;101710;57.000000000;1300;9523531224;S
20240205;101710;57.000000000;500;9523531225;S
20240205;101710;57.000000000;500;9523531226;S
20240205;101710;56.995000000;200;9523531227;S
20240205;101710;56.990000000;600;9523531228;S
20240205;101710;56.990000000;2700;9523531229;S
20240205;101710;56.990000000;400;9523531230;S
20240205;101710;56.985000000;4300;9523531231;S
20240205;101710;56.980000000;100;9523531252;S
20240205;101712;56.980000000;100;9523531642;S
20240205;101713;56.970000000;100;9523531951;S
20240205;101714;56.970000000;100;9523531995;S
20240205;101714;56.970000000;100;9523532109;S
20240205;101715;56.970000000;100;9523532139;S
20240205;101717;56.970000000;100;9523532544;S
20240205;101717;56.980000000;100;9523532590;B
20240205;101719;56.970000000;1400;9523532847;S
20240205;101719;56.965000000;200;9523532848;S
20240205;101719;56.965000000;2100;9523532849;S
20240205;101719;56.965000000;1400;9523532850;S
20240205;101719;56.960000000;2000;9523532851;S
20240205;101719;56.960000000;100;9523532852;S
20240205;101719;56.960000000;1400;9523532853;S
20240205;101719;56.960000000;1000;9523532854;S
20240205;101719;56.955000000;10400;9523532855;S
20240205;101719;56.960000000;100;9523532927;S
20240205;101720;56.955000000;100;9523533036;S
20240205;101724;56.960000000;100;9523533942;S
20240205;101726;56.960000000;100;9523534235;S
20240205;101731;56.960000000;200;9523535249;S
20240205;101732;56.980000000;200;9523535479;B
20240205;101733;56.980000000;300;9523535770;B
20240205;101735;56.975000000;100;9523536099;S
20240205;101738;56.975000000;100;9523536802;S
20240205;101742;56.965000000;100;9523537471;S
20240205;101742;56.960000000;100;9523537492;S
20240205;101742;56.960000000;200;9523537503;S
20240205;101743;56.975000000;100;9523537642;B
20240205;101744;56.975000000;200;9523538000;B
20240205;101749;56.960000000;100;9523538885;S
20240205;101750;56.960000000;100;9523539082;S
20240205;101750;56.960000000;100;9523539136;S
20240205;101750;56.960000000;100;9523539176;S
20240205;101751;56.955000000;100;9523539252;S
20240205;101753;56.955000000;200;9523539600;S
20240205;101755;56.975000000;400;9523540009;B
20240205;101755;56.980000000;100;9523540010;B
20240205;101756;56.980000000;800;9523540314;B
20240205;101756;56.960000000;100;9523540317;S
20240205;101756;56.960000000;100;9523540355;S
20240205;101757;56.960000000;100;9523540568;S
20240205;101759;56.960000000;100;9523540886;S
20240205;101759;56.980000000;2700;9523540937;B
20240205;101759;56.980000000;1000;9523540938;B
20240205;101759;56.985000000;2000;9523540939;B
20240205;101759;56.985000000;400;9523540940;B
20240205;101759;56.985000000;1000;9523540941;B
20240205;101759;56.990000000;7500;9523540942;B
20240205;101759;56.990000000;1000;9523540943;B
20240205;101759;57.000000000;1000;9523540944;B
20240205;101759;57.000000000;100;9523540945;B
20240205;101759;57.005000000;1000;9523540946;B
20240205;101759;57.005000000;1400;9523540947;B
20240205;101759;57.010000000;1000;9523540948;B
20240205;101759;57.010000000;500;9523540949;B
20240205;101800;56.965000000;100;9523541248;S
20240205;101804;56.965000000;100;9523542409;S
20240205;101805;56.960000000;200;9523542794;S
20240205;101805;56.980000000;800;9523542799;B
20240205;101807;56.980000000;100;9523543135;B
20240205;101807;56.980000000;100;9523543228;B
20240205;101809;56.980000000;100;9523543519;B
20240205;101822;56.980000000;100;9523547385;B
20240205;101831;56.990000000;100;9523549873;B
20240205;101831;56.995000000;200;9523549874;B
20240205;101836;56.980000000;100;9523551194;S
20240205;101844;57.000000000;100;9523553074;B
20240205;101844;57.005000000;7500;9523553075;B
20240205;101844;57.010000000;400;9523553076;B
20240205;101844;57.015000000;100;9523553077;B
20240205;101844;57.015000000;1300;9523553078;B
20240205;101844;57.020000000;2600;9523553079;B
20240205;101845;57.015000000;600;9523553350;B
20240205;101845;57.015000000;1000;9523553351;B
20240205;101845;57.020000000;1400;9523553352;B
20240205;101845;57.020000000;1000;9523553353;B
20240205;101845;57.025000000;7500;9523553354;B
20240205;101845;57.025000000;1400;9523553355;B
20240205;101845;57.025000000;400;9523553356;B
20240205;101845;57.030000000;20200;9523553357;B
20240205;101845;57.030000000;2200;9523553358;B
20240205;101845;57.030000000;2500;9523553359;B
20240205;101845;57.030000000;1400;9523553360;B
20240205;101845;57.030000000;500;9523553393;S
20240205;101848;57.030000000;400;9523553963;S
20240205;101848;57.035000000;100;9523554095;B
20240205;101850;57.035000000;100;9523554421;S
20240205;101851;57.035000000;1000;9523554786;S
20240205;101854;57.035000000;2500;9523555391;S
20240205;101854;57.030000000;6000;9523555392;S
20240205;101858;57.040000000;400;9523556241;B
20240205;101858;57.040000000;1300;9523556242;B
20240205;101859;57.040000000;100;9523556425;B
20240205;101904;57.005000000;200;9523557539;S
20240205;101912;57.040000000;900;9523559027;B
20240205;101915;57.010000000;1400;9523559724;S
20240205;101924;57.015000000;2600;9523561760;S
20240205;101924;57.010000000;2200;9523561761;S
20240205;101924;57.010000000;1400;9523561762;S
20240205;101924;57.005000000;1200;9523561763;S
20240205;101924;57.005000000;2600;9523561764;S
20240205;101927;57.005000000;1300;9523562527;S
20240205;101927;57.000000000;6200;9523562528;S
20240205;101927;57.000000000;2000;9523562529;S
20240205;101927;56.995000000;1400;9523562530;S
20240205;101927;56.990000000;2000;9523562531;S
20240205;101927;56.990000000;1400;9523562532;S
20240205;101927;56.985000000;1000;9523562533;S
20240205;101927;56.985000000;1400;9523562534;S
20240205;101927;56.985000000;4300;9523562535;S
20240205;101927;56.980000000;3400;9523562536;S
20240205;101927;56.980000000;2000;9523562537;S
20240205;101927;56.975000000;800;9523562538;S
20240205;101927;56.975000000;4700;9523562539;S
20240205;101927;56.970000000;2000;9523562540;S
20240205;101927;56.965000000;100;9523562541;S
20240205;101927;56.965000000;3000;9523562542;S
20240205;101929;57.020000000;800;9523562830;B
20240205;101930;57.020000000;2800;9523563061;B
20240205;101930;57.025000000;200;9523563062;B
20240205;101936;57.025000000;100;9523564284;B
20240205;101944;57.010000000;200;9523565909;S
20240205;101954;57.040000000;100;9523568064;B
20240205;101958;57.030000000;100;9523569213;S
20240205;102005;57.040000000;600;9523570844;B
20240205;102005;57.040000000;100;9523570927;B
20240205;102006;57.030000000;100;9523571076;S
20240205;102008;57.035000000;100;9523571447;S
20240205;102009;57.035000000;100;9523572331;S
20240205;102009;57.040000000;4400;9523572332;B
20240205;102009;57.040000000;500;9523572333;B
20240205;102009;57.040000000;1400;9523572334;B
20240205;102009;57.040000000;300;9523572335;B
20240205;102015;57.045000000;100;9523575722;S
20240205;102015;57.040000000;100;9523575747;S
20240205;102016;57.040000000;600;9523575758;S
20240205;102016;57.035000000;400;9523575759;S
20240205;102024;57.030000000;100;9523579406;S
20240205;102026;57.030000000;200;9523580051;S
20240205;102027;57.050000000;100;9523581714;B
20240205;102032;57.025000000;100;9523583255;S
20240205;102033;57.025000000;100;9523583602;S
20240205;102033;57.025000000;100;9523583968;S
20240205;102035;57.030000000;200;9523585107;B
20240205;102035;57.040000000;100;9523585108;B
20240205;102036;57.025000000;400;9523585116;S
20240205;102036;57.025000000;300;9523585117;S
20240205;102036;57.020000000;2000;9523585118;S
20240205;102036;57.020000000;7300;9523585119;S
20240205;102037;57.030000000;200;9523585640;B
20240205;102047;57.030000000;300;9523589330;B
20240205;102047;57.040000000;400;9523589331;B
20240205;102049;57.040000000;100;9523589834;S
20240205;102050;57.045000000;600;9523590018;B
20240205;102050;57.045000000;100;9523590535;B
20240205;102056;57.040000000;100;9523592270;S
20240205;102057;57.040000000;200;9523593269;S
20240205;102057;57.030000000;400;9523593270;S
20240205;102057;57.025000000;500;9523593271;S
20240205;102112;57.025000000;100;9523599330;S
20240205;102120;57.025000000;300;9523601911;S
20240205;102120;57.020000000;1900;9523601912;S
20240205;102120;57.020000000;500;9523601913;S
20240205;102120;57.015000000;17300;9523601914;S
20240205;102121;57.030000000;300;9523602306;B
20240205;102123;57.015000000;400;9523602830;S
20240205;102137;57.025000000;100;9523607694;B
20240205;102139;57.035000000;200;9523608469;B
20240205;102142;57.020000000;300;9523609617;S
20240205;102155;57.020000000;100;9523613923;S
20240205;102201;57.035000000;100;9523617008;B
20240205;102203;57.020000000;100;9523617607;S
20240205;102232;57.030000000;100;9523627071;B
20240205;102233;57.030000000;100;9523627188;B
20240205;102241;57.040000000;100;9523629921;B
20240205;102242;57.020000000;100;9523629961;S
20240205;102242;57.020000000;100;9523629962;S
20240205;102242;57.020000000;700;9523629963;S
20240205;102242;57.020000000;500;9523629964;S
20240205;102242;57.020000000;3600;9523629965;S
20240205;102242;57.015000000;2300;9523629966;S
20240205;102242;57.015000000;2000;9523629967;S
20240205;102242;57.015000000;2500;9523629968;S
20240205;102242;57.015000000;100;9523629969;S
20240205;102242;57.010000000;18100;9523629970;S
20240205;102248;57.030000000;100;9523632523;S
20240205;102309;57.015000000;100;9523639550;B
20240205;102309;57.020000000;400;9523639551;B
20240205;102309;57.025000000;200;9523639552;B
20240205;102313;57.010000000;6500;9523641141;S
20240205;102313;57.010000000;400;9523641142;S
20240205;102313;57.010000000;400;9523641143;S
20240205;102313;57.005000000;2000;9523641144;S
20240205;102313;57.000000000;1600;9523641145;S
20240205;102313;56.995000000;1600;9523641146;S
20240205;102318;57.000000000;100;9523642659;S
20240205;102330;57.010000000;100;9523646557;B
20240205;102332;57.015000000;600;9523647699;B
20240205;102334;57.020000000;1400;9523648076;B
20240205;102334;57.020000000;400;9523648077;B
20240205;102336;57.025000000;1200;9523648708;B
20240205;102336;57.025000000;2900;9523648709;B
20240205;102336;57.025000000;3600;9523648710;B
20240205;102336;57.030000000;400;9523648711;B
20240205;102336;57.030000000;400;9523648712;B
20240205;102336;57.030000000;200;9523648731;B
20240205;102349;57.025000000;100;9523652661;S
20240205;102352;57.030000000;300;9523653868;B
20240205;102355;57.025000000;100;9523654810;S
20240205;102356;57.030000000;100;9523654967;B
20240205;102356;57.030000000;300;9523654968;B
20240205;102356;57.025000000;100;9523654979;S
20240205;102406;57.030000000;100;9523658490;S
20240205;102406;57.030000000;100;9523658491;S
20240205;102409;57.025000000;3600;9523659761;S
20240205;102409;57.020000000;3200;9523659762;S
20240205;102409;57.020000000;4300;9523659763;S
20240205;102409;57.020000000;100;9523659764;S
20240205;102409;57.005000000;1000;9523659765;S
20240205;102409;57.005000000;1500;9523659766;S
20240205;102409;57.000000000;400;9523659767;S
20240205;102409;57.000000000;9000;9523659768;S
20240205;102409;56.995000000;100;9523659769;S
20240205;102409;56.995000000;100;9523659770;S
20240205;102409;56.995000000;2000;9523659771;S
20240205;102409;56.995000000;2000;9523659772;S
20240205;102409;56.995000000;1400;9523659773;S
20240205;102409;56.990000000;6100;9523659774;S
20240205;102418;57.005000000;300;9523663220;S
20240205;102424;57.025000000;100;9523664898;B
20240205;102424;56.995000000;4300;9523664906;S
20240205;102424;56.995000000;800;9523664907;S
20240205;102424;56.990000000;3900;9523664908;S
20240205;102424;56.990000000;21000;9523664909;S
20240205;102425;56.990000000;2400;9523665662;S
20240205;102425;56.985000000;1400;9523665663;S
20240205;102425;56.980000000;1400;9523665664;S
20240205;102425;56.975000000;1400;9523665665;S
20240205;102425;56.970000000;2000;9523665666;S
20240205;102425;56.970000000;1400;9523665667;S
20240205;102425;56.970000000;4300;9523665668;S
20240205;102428;56.960000000;100;9523666186;S
20240205;102430;56.960000000;100;9523666837;S
20240205;102430;56.960000000;100;9523666860;S
20240205;102433;56.970000000;400;9523668041;B
20240205;102433;56.980000000;100;9523668042;B
20240205;102434;56.960000000;200;9523668094;S
20240205;102434;56.960000000;200;9523668095;S
20240205;102436;56.980000000;100;9523668664;B
20240205;102442;56.960000000;400;9523671166;S
20240205;102442;56.960000000;300;9523671167;S
20240205;102442;56.955000000;1300;9523671168;S
20240205;102442;56.955000000;100;9523671169;S
20240205;102442;56.950000000;100;9523671170;S
20240205;102442;56.950000000;300;9523671171;S
20240205;102442;56.950000000;400;9523671172;S
20240205;102442;56.950000000;4300;9523671173;S
20240205;102442;56.945000000;1000;9523671174;S
20240205;102442;56.945000000;200;9523671175;S
20240205;102442;56.940000000;200;9523671176;S
20240205;102442;56.940000000;2000;9523671177;S
20240205;102442;56.940000000;400;9523671180;B
20240205;102442;56.940000000;1100;9523671181;B
20240205;102443;56.935000000;800;9523671516;S
20240205;102449;56.970000000;100;9523673434;B
20240205;102457;56.980000000;100;9523676652;B
20240205;102458;56.950000000;200;9523676847;S
20240205;102458;56.945000000;400;9523676848;S
20240205;102504;56.950000000;600;9523678826;S
20240205;102514;56.980000000;100;9523682013;B
20240205;102514;56.980000000;100;9523682014;B
20240205;102514;56.950000000;200;9523682051;S
20240205;102515;56.985000000;100;9523682786;B
20240205;102520;56.975000000;100;9523684150;B
20240205;102528;56.975000000;700;9523687089;B
20240205;102528;56.985000000;300;9523687090;B
20240205;102528;56.985000000;3600;9523687091;B
20240205;102528;56.990000000;1600;9523687092;B
20240205;102531;56.965000000;100;9523688328;S
20240205;102538;56.985000000;300;9523690662;B
20240205;102538;56.990000000;300;9523690663;B
20240205;102539;56.990000000;200;9523690893;B
20240205;102547;56.965000000;100;9523692192;S
20240205;102547;56.955000000;300;9523692193;S
20240205;102547;56.950000000;300;9523692194;S
20240205;102558;56.945000000;100;9523697681;B
20240205;102559;56.940000000;100;9523697738;S
20240205;102600;56.945000000;100;9523698147;B
20240205;102603;56.940000000;100;9523699118;S
20240205;102606;56.940000000;100;9523700631;S
20240205;102606;56.940000000;900;9523700632;S
20240205;102606;56.940000000;100;9523700633;S
20240205;102607;56.935000000;400;9523700856;S
20240205;102609;56.935000000;1000;9523701307;S
20240205;102609;56.945000000;100;9523701389;B
20240205;102611;56.945000000;200;9523702086;B
20240205;102611;56.945000000;300;9523702087;B
20240205;102615;56.945000000;100;9523703259;B
20240205;102616;56.945000000;100;9523703322;S
20240205;102620;56.960000000;100;9523704957;B
20240205;102624;56.975000000;100;9523705766;B
20240205;102630;56.980000000;200;9523706804;B
20240205;102636;56.980000000;100;9523707825;B
20240205;102639;56.980000000;1000;9523708563;B
20240205;102640;56.980000000;200;9523708586;B
20240205;102641;56.980000000;200;9523708786;B
20240205;102642;56.980000000;300;9523708924;B
20240205;102642;56.985000000;300;9523708925;B
20240205;102645;56.980000000;200;9523709588;B
20240205;102649;56.980000000;100;9523710642;B
20240205;102650;56.950000000;500;9523710831;S
20240205;102653;56.980000000;1700;9523711428;B
20240205;102653;56.980000000;1500;9523711429;B
20240205;102653;56.985000000;2500;9523711430;B
20240205;102653;56.985000000;300;9523711431;B
20240205;102653;56.990000000;100;9523711432;B
20240205;102712;56.955000000;200;9523714697;S
20240205;102712;56.955000000;300;9523714698;S
20240205;102720;56.960000000;300;9523715976;S
20240205;102727;56.970000000;100;9523717528;S
20240205;102737;56.990000000;1500;9523719228;B
20240205;102742;56.990000000;1000;9523720354;B
20240205;102746;56.980000000;800;9523721013;S
20240205;102746;56.975000000;1200;9523721014;S
20240205;102746;56.975000000;1000;9523721015;S
20240205;102746;56.975000000;300;9523721016;S
20240205;102746;56.970000000;200;9523721017;S
20240205;102749;56.990000000;5000;9523721712;B
20240205;102749;56.990000000;200;9523721713;B
20240205;102749;56.995000000;300;9523721714;B
20240205;102749;56.995000000;1000;9523721715;B
20240205;102749;57.000000000;200;9523721716;B
20240205;102749;57.000000000;100;9523721717;B
20240205;102749;57.000000000;2200;9523721718;B
20240205;102749;57.000000000;1000;9523721719;S
20240205;102750;57.005000000;6000;9523722040;B
20240205;102811;57.000000000;200;9523725639;B
20240205;102819;57.000000000;100;9523727393;B
20240205;102830;57.000000000;100;9523729174;B
20240205;102831;56.990000000;1000;9523729290;S
20240205;102844;56.970000000;200;9523731447;S
20240205;102903;56.980000000;100;9523734795;B
20240205;102904;56.980000000;300;9523734881;B
20240205;102911;56.960000000;100;9523736418;S
20240205;102911;56.950000000;900;9523736419;S
20240205;102911;56.950000000;300;9523736420;S
20240205;102911;56.950000000;400;9523736421;S
20240205;102911;56.950000000;500;9523736422;S
20240205;102914;56.955000000;100;9523736958;B
20240205;102915;56.960000000;100;9523737201;B
20240205;102917;56.945000000;100;9523737621;S
20240205;102918;56.945000000;100;9523737808;S
20240205;102922;56.955000000;300;9523738315;B
20240205;102922;56.955000000;1000;9523738316;B
20240205;102922;56.960000000;700;9523738317;B
20240205;102932;56.945000000;1000;9523740227;S
20240205;102934;56.945000000;100;9523740507;S
20240205;102949;56.945000000;7000;9523743699;S
20240205;102952;56.955000000;300;9523744324;B
20240205;102952;56.960000000;2800;9523744325;B
20240205;102952;56.960000000;900;9523744326;B
20240205;102952;56.960000000;100;9523744364;B
20240205;102953;56.945000000;100;9523744560;S
20240205;102956;56.955000000;100;9523745166;B
20240205;102959;56.945000000;2500;9523745619;S
20240205;103005;56.955000000;400;9523746807;B
20240205;103005;56.955000000;100;9523746808;B
20240205;103008;56.950000000;400;9523747422;B
20240205;103008;56.955000000;100;9523747423;B
20240205;103008;56.955000000;500;9523747424;B
20240205;103012;56.945000000;100;9523748176;S
20240205;103015;56.955000000;400;9523748603;B
20240205;103015;56.955000000;100;9523748604;S
20240205;103018;56.945000000;18900;9523749101;S
20240205;103018;56.945000000;100;9523749102;S
20240205;103018;56.945000000;100;9523749103;S
20240205;103018;56.935000000;7800;9523749104;S
20240205;103019;56.940000000;400;9523749253;B
20240205;103019;56.940000000;1000;9523749254;B
20240205;103032;56.930000000;200;9523751495;S
20240205;103032;56.930000000;1000;9523751496;S
20240205;103044;56.930000000;100;9523753355;B
20240205;103045;56.930000000;100;9523753594;B
20240205;103051;56.920000000;100;9523754560;S
20240205;103051;56.915000000;1000;9523754561;S
20240205;103051;56.915000000;3900;9523754562;S
20240205;103052;56.925000000;400;9523754800;B
20240205;103052;56.915000000;3100;9523754828;S
20240205;103052;56.910000000;100;9523754829;S
20240205;103052;56.910000000;2200;9523754830;S
20240205;103052;56.905000000;200;9523754831;S
20240205;103052;56.905000000;2400;9523754832;S
20240205;103101;56.905000000;600;9523756418;S
20240205;103101;56.905000000;100;9523756419;S
20240205;103101;56.905000000;3300;9523756420;S
20240205;103116;56.905000000;100;9523759621;S
20240205;103121;56.920000000;400;9523760456;B
20240205;103121;56.920000000;600;9523760457;B
20240205;103125;56.905000000;100;9523760994;S
20240205;103134;56.905000000;100;9523762681;S
20240205;103134;56.905000000;500;9523762682;S
20240205;103134;56.905000000;100;9523762683;S
20240205;103134;56.900000000;30000;9523762780;S
20240205;103134;56.900000000;100;9523762781;S
20240205;103134;56.900000000;200;9523762782;S
20240205;103134;56.900000000;100;9523762783;S
20240205;103134;56.900000000;100;9523762784;S
20240205;103134;56.900000000;5000;9523762785;S
20240205;103134;56.900000000;100;9523762786;S
20240205;103134;56.900000000;500;9523762787;S
20240205;103134;56.900000000;100;9523762788;S
20240205;103134;56.895000000;100;9523762789;S
20240205;103142;56.890000000;100;9523764095;S
20240205;103142;56.890000000;200;9523764096;S
20240205;103146;56.890000000;100;9523764802;S
20240205;103149;56.880000000;100;9523765346;S
20240205;103149;56.880000000;300;9523765347;S
20240205;103149;56.875000000;100;9523765348;S
20240205;103149;56.870000000;1300;9523765349;S
20240205;103225;56.890000000;100;9523773028;B
20240205;103237;56.890000000;300;9523775074;B
20240205;103248;56.875000000;1200;9523776891;S
20240205;103251;56.890000000;100;9523777469;B
20240205;103322;56.875000000;700;9523783317;S
20240205;103322;56.875000000;400;9523783318;S
20240205;103322;56.870000000;1700;9523783319;S
20240205;103322;56.870000000;100;9523783320;S
20240205;103322;56.870000000;1000;9523783321;S
20240205;103322;56.870000000;100;9523783322;S
20240205;103324;56.890000000;100;9523783786;B
20240205;103328;56.875000000;100;9523784345;S
20240205;103330;56.870000000;4900;9523784640;S
20240205;103330;56.870000000;300;9523784641;S
20240205;103330;56.870000000;100;9523784642;S
20240205;103330;56.870000000;200;9523784643;S
20240205;103330;56.870000000;1400;9523784644;S
20240205;103330;56.870000000;5300;9523784645;S
20240205;103330;56.870000000;100;9523784646;S
20240205;103330;56.865000000;1400;9523784647;S
20240205;103330;56.865000000;400;9523784648;S
20240205;103330;56.860000000;1400;9523784649;S
20240205;103330;56.855000000;100;9523784650;S
20240205;103330;56.855000000;100;9523784651;S
20240205;103330;56.855000000;4300;9523784652;S
20240205;103330;56.855000000;1700;9523784653;S
20240205;103330;56.850000000;5900;9523784654;S
20240205;103330;56.850000000;2500;9523784655;S
20240205;103330;56.850000000;5000;9523784656;S
20240205;103330;56.850000000;8000;9523784657;S
20240205;103330;56.850000000;100;9523784658;S
20240205;103330;56.840000000;10000;9523784659;S
20240205;103330;56.840000000;100;9523784660;S
20240205;103330;56.840000000;2000;9523784661;S
20240205;103330;56.840000000;100;9523784662;S
20240205;103330;56.830000000;3300;9523784663;S
20240205;103330;56.830000000;100;9523784664;S
20240205;103330;56.830000000;6000;9523784665;S
20240205;103330;56.830000000;100;9523784666;S
20240205;103330;56.830000000;2000;9523784667;S
20240205;103330;56.825000000;4500;9523784668;S
20240205;103330;56.825000000;100;9523784669;S
20240205;103330;56.825000000;100;9523784670;S
20240205;103330;56.820000000;1000;9523784671;S
20240205;103330;56.820000000;100;9523784672;S
20240205;103330;56.820000000;200;9523784673;S
20240205;103330;56.820000000;1000;9523784674;S
20240205;103330;56.820000000;100;9523784675;S
20240205;103330;56.820000000;100;9523784676;S
20240205;103330;56.820000000;200;9523784677;S
20240205;103330;56.820000000;2000;9523784678;S
20240205;103330;56.815000000;5000;9523784679;S
20240205;103330;56.815000000;1000;9523784680;S
20240205;103330;56.815000000;4000;9523784681;S
20240205;103330;56.810000000;100;9523784682;S
20240205;103330;56.810000000;200;9523784683;S
20240205;103330;56.810000000;100;9523784684;S
20240205;103330;56.810000000;2000;9523784685;S
20240205;103330;56.810000000;9200;9523784686;S
20240205;103330;56.805000000;100;9523784687;S
20240205;103330;56.805000000;200;9523784688;S
20240205;103330;56.805000000;200;9523784689;S
20240205;103330;56.805000000;100;9523784690;S
20240205;103330;56.805000000;1500;9523784691;S
20240205;103337;56.850000000;100;9523785904;B
20240205;103337;56.850000000;300;9523785938;B
20240205;103338;56.855000000;100;9523786177;B
20240205;103343;56.855000000;100;9523787061;B
20240205;103352;56.855000000;100;9523788938;B
20240205;103355;56.855000000;1700;9523789683;B
20240205;103355;56.865000000;400;9523789684;B
20240205;103355;56.870000000;2000;9523789685;B
20240205;103355;56.870000000;1000;9523789686;B
20240205;103355;56.875000000;1000;9523789687;B
20240205;103355;56.875000000;2100;9523789688;B
20240205;103355;56.880000000;2000;9523789689;B
20240205;103355;56.880000000;1000;9523789690;B
20240205;103355;56.885000000;1000;9523789691;B
20240205;103355;56.885000000;1400;9523789692;B
20240205;103355;56.885000000;9200;9523789693;B
20240205;103355;56.890000000;100;9523789694;B
20240205;103355;56.890000000;2000;9523789695;B
20240205;103355;56.890000000;1000;9523789696;B
20240205;103355;56.890000000;1400;9523789697;B
20240205;103355;56.890000000;12700;9523789698;B
20240205;103359;56.885000000;400;9523790641;S
20240205;103359;56.885000000;400;9523790642;S
20240205;103400;56.890000000;100;9523790671;B
20240205;103400;56.890000000;100;9523790823;B
20240205;103403;56.890000000;100;9523791388;B
20240205;103404;56.885000000;100;9523791457;S
20240205;103408;56.885000000;500;9523792158;S
20240205;103408;56.890000000;100;9523792165;B
20240205;103408;56.890000000;100;9523792301;B
20240205;103411;56.885000000;100;9523792658;S
20240205;103412;56.890000000;600;9523792747;B
20240205;103417;56.885000000;1000;9523793503;S
20240205;103417;56.880000000;300;9523793504;S
20240205;103417;56.880000000;1000;9523793505;S
20240205;103417;56.875000000;1000;9523793506;S
20240205;103420;56.880000000;100;9523793922;B
20240205;103420;56.880000000;100;9523793980;B
20240205;103421;56.875000000;400;9523794056;S
20240205;103422;56.880000000;800;9523794139;B
20240205;103424;56.870000000;300;9523794460;S
20240205;103424;56.880000000;100;9523794486;B
20240205;103430;56.865000000;100;9523795665;S
20240205;103438;56.880000000;900;9523796885;B
20240205;103440;56.880000000;100;9523797179;B
20240205;103441;56.875000000;1000;9523797416;S
20240205;103441;56.875000000;1000;9523797417;S
20240205;103443;56.880000000;2000;9523797583;B
20240205;103443;56.880000000;1000;9523797584;B
20240205;103446;56.885000000;300;9523798187;B
20240205;103446;56.890000000;900;9523798188;B
20240205;103446;56.890000000;1800;9523798189;B
20240205;103456;56.880000000;2100;9523799955;S
20240205;103457;56.880000000;300;9523800069;S
20240205;103458;56.885000000;100;9523800355;B
20240205;103459;56.885000000;4200;9523800448;B
20240205;103459;56.885000000;300;9523800449;B
20240205;103459;56.890000000;500;9523800450;B
20240205;103501;56.880000000;1000;9523800760;S
20240205;103501;56.890000000;100;9523800773;B
20240205;103502;56.880000000;200;9523801108;S
20240205;103503;56.890000000;100;9523801236;B
20240205;103507;56.890000000;100;9523802080;B
20240205;103511;56.885000000;500;9523802784;S
20240205;103511;56.880000000;2400;9523802785;S
20240205;103511;56.880000000;300;9523802786;S
20240205;103511;56.875000000;200;9523802787;S
20240205;103511;56.865000000;3600;9523802788;S
20240205;103511;56.860000000;100;9523802789;S
20240205;103511;56.860000000;1000;9523802790;S
20240205;103511;56.860000000;1400;9523802791;S
20240205;103511;56.855000000;1400;9523802792;S
20240205;103511;56.855000000;1000;9523802793;S
20240205;103511;56.850000000;1400;9523802794;S
20240205;103511;56.845000000;2100;9523802795;S
20240205;103511;56.840000000;100;9523802796;S
20240205;103511;56.840000000;1900;9523802797;S
20240205;103511;56.835000000;2000;9523802798;S
20240205;103511;56.835000000;5000;9523802799;S
20240205;103511;56.830000000;5000;9523802800;S
20240205;103511;56.830000000;100;9523802801;S
20240205;103511;56.830000000;300;9523802802;S
20240205;103511;56.825000000;9200;9523802803;S
20240205;103511;56.820000000;11100;9523802804;S
20240205;103511;56.820000000;2000;9523802805;S
20240205;103511;56.820000000;4300;9523802806;S
20240205;103511;56.820000000;100;9523802807;S
20240205;103511;56.810000000;1800;9523802808;S
20240205;103511;56.810000000;500;9523802809;S
20240205;103511;56.810000000;2000;9523802810;S
20240205;103511;56.805000000;14100;9523802811;S
20240205;103511;56.805000000;600;9523802812;S
20240205;103511;56.805000000;5000;9523802813;S
20240205;103511;56.805000000;500;9523802814;S
20240205;103511;56.805000000;200;9523802815;S
20240205;103511;56.805000000;800;9523802816;S
20240205;103511;56.805000000;2200;9523802817;S
20240205;103511;56.800000000;100;9523802818;S
20240205;103511;56.800000000;100;9523802819;S
20240205;103511;56.800000000;100;9523802820;S
20240205;103511;56.800000000;100;9523802821;S
20240205;103511;56.800000000;500;9523802822;S
20240205;103511;56.800000000;100;9523802823;S
20240205;103511;56.800000000;100;9523802824;S
20240205;103511;56.800000000;200;9523802825;S
20240205;103511;56.800000000;100;9523802826;S
20240205;103511;56.800000000;200;9523802827;S
20240205;103511;56.800000000;3000;9523802828;S
20240205;103511;56.800000000;200;9523802829;S
20240205;103511;56.800000000;100;9523802830;S
20240205;103511;56.800000000;100;9523802831;S
20240205;103511;56.800000000;100;9523802832;S
20240205;103511;56.800000000;600;9523802833;S
20240205;103511;56.800000000;1000;9523802834;S
20240205;103511;56.800000000;9100;9523802835;S
20240205;103511;56.815000000;1000;9523802837;B
20240205;103511;56.815000000;1000;9523802838;B
20240205;103511;56.815000000;4000;9523802840;B
20240205;103511;56.835000000;1000;9523802945;B
20240205;103511;56.835000000;1000;9523802946;B
20240205;103511;56.830000000;300;9523802947;S
20240205;103511;56.815000000;900;9523802948;S
20240205;103511;56.815000000;2700;9523802968;S
20240205;103511;56.815000000;1000;9523802969;S
20240205;103511;56.815000000;1300;9523802970;S
20240205;103511;56.815000000;100;9523802971;S
20240205;103511;56.810000000;1400;9523802972;S
20240205;103511;56.810000000;1000;9523802973;S
20240205;103511;56.810000000;400;9523802974;S
20240205;103511;56.805000000;1900;9523802975;S
20240205;103511;56.805000000;1400;9523802976;S
20240205;103511;56.805000000;1000;9523802977;S
20240205;103511;56.800000000;900;9523802978;S
20240205;103511;56.800000000;100;9523802979;S
20240205;103511;56.800000000;100;9523802980;S
20240205;103511;56.800000000;100;9523802981;S
20240205;103511;56.800000000;100;9523802982;S
20240205;103511;56.800000000;100;9523802983;S
20240205;103511;56.800000000;300;9523802984;S
20240205;103518;56.855000000;1400;9523804462;B
20240205;103518;56.855000000;300;9523804463;B
20240205;103518;56.855000000;100;9523804464;B
20240205;103525;56.825000000;2500;9523805707;S
20240205;103526;56.825000000;400;9523805830;S
20240205;103531;56.825000000;100;9523806795;S
20240205;103531;56.825000000;100;9523806796;S
20240205;103541;56.855000000;200;9523808679;B
20240205;103543;56.825000000;3500;9523808842;S
20240205;103543;56.825000000;300;9523808843;S
20240205;103543;56.825000000;1000;9523808844;S
20240205;103543;56.825000000;2500;9523808845;S
20240205;103543;56.820000000;300;9523808846;S
20240205;103543;56.820000000;1000;9523808847;S
20240205;103546;56.855000000;100;9523809564;B
20240205;103551;56.855000000;100;9523810393;B
20240205;103605;56.855000000;400;9523813524;B
20240205;103611;56.855000000;100;9523814544;B
20240205;103611;56.860000000;400;9523814545;B
20240205;103622;56.830000000;2000;9523816681;S
20240205;103634;56.865000000;100;9523819992;B
20240205;103641;56.865000000;100;9523821821;B
20240205;103642;56.860000000;100;9523821959;S
20240205;103645;56.870000000;200;9523822477;S
20240205;103647;56.850000000;100;9523823051;S
20240205;103647;56.845000000;300;9523823052;S
20240205;103647;56.845000000;3600;9523823053;S
20240205;103647;56.840000000;100;9523823054;S
20240205;103647;56.840000000;1400;9523823055;S
20240205;103647;56.835000000;1400;9523823056;S
20240205;103647;56.835000000;100;9523823057;S
20240205;103647;56.830000000;1400;9523823058;S
20240205;103647;56.830000000;100;9523823059;S
20240205;103647;56.830000000;100;9523823060;S
20240205;103647;56.830000000;2000;9523823061;S
20240205;103647;56.825000000;3000;9523823062;S
20240205;103647;56.825000000;100;9523823063;S
20240205;103647;56.820000000;2000;9523823064;S
20240205;103647;56.820000000;3000;9523823065;S
20240205;103647;56.815000000;100;9523823066;S
20240205;103647;56.815000000;1000;9523823067;S
20240205;103647;56.815000000;200;9523823068;S
20240205;103647;56.810000000;2000;9523823069;S
20240205;103647;56.810000000;2000;9523823070;S
20240205;103647;56.805000000;2200;9523823071;S
20240205;103647;56.805000000;100;9523823072;S
20240205;103647;56.805000000;5000;9523823073;S
20240205;103647;56.805000000;2200;9523823074;S
20240205;103647;56.800000000;700;9523823075;S
20240205;103647;56.800000000;500;9523823076;S
20240205;103647;56.800000000;500;9523823077;S
20240205;103647;56.800000000;400;9523823078;S
20240205;103647;56.800000000;15600;9523823079;S
20240205;103647;56.800000000;900;9523823080;S
20240205;103647;56.800000000;10000;9523823081;S
20240205;103647;56.800000000;100;9523823082;S
20240205;103647;56.800000000;300;9523823083;S
20240205;103647;56.800000000;100;9523823084;S
20240205;103647;56.800000000;200;9523823085;S
20240205;103647;56.800000000;800;9523823086;S
20240205;103647;56.800000000;100;9523823087;S
20240205;103647;56.800000000;200;9523823088;S
20240205;103647;56.800000000;2000;9523823089;S
20240205;103647;56.800000000;2000;9523823090;S
20240205;103647;56.800000000;300;9523823091;S
20240205;103647;56.800000000;100;9523823092;S
20240205;103647;56.790000000;1000;9523823093;S
20240205;103647;56.790000000;2000;9523823094;S
20240205;103647;56.790000000;4300;9523823095;S
20240205;103647;56.785000000;300;9523823096;S
20240205;103647;56.785000000;100;9523823097;S
20240205;103647;56.785000000;100;9523823098;S
20240205;103647;56.780000000;200;9523823099;S
20240205;103647;56.780000000;2000;9523823100;S
20240205;103647;56.780000000;100;9523823101;S
20240205;103647;56.775000000;100;9523823102;S
20240205;103647;56.775000000;300;9523823103;S
20240205;103647;56.775000000;5000;9523823104;S
20240205;103647;56.775000000;2000;9523823105;S
20240205;103647;56.775000000;100;9523823106;S
20240205;103647;56.770000000;10000;9523823107;S
20240205;103647;56.770000000;2000;9523823108;S
20240205;103647;56.770000000;100;9523823109;S
20240205;103647;56.770000000;100;9523823110;S
20240205;103647;56.765000000;100;9523823111;S
20240205;103647;56.765000000;800;9523823112;S
20240205;103647;56.765000000;1000;9523823113;S
20240205;103647;56.775000000;1400;9523823114;S
20240205;103647;56.775000000;3600;9523823115;B
20240205;103647;56.785000000;500;9523823121;S
20240205;103648;56.795000000;600;9523823185;S
20240205;103648;56.785000000;3100;9523823186;S
20240205;103648;56.780000000;700;9523823187;S
20240205;103648;56.785000000;1000;9523823301;S
20240205;103651;56.820000000;1400;9523824047;S
20240205;103710;56.825000000;100;9523827658;B
20240205;103730;56.825000000;100;9523831125;B
20240205;103730;56.825000000;100;9523831126;B
20240205;103736;56.805000000;1000;9523831983;S
20240205;103742;56.805000000;100;9523833179;S
20240205;103743;56.805000000;900;9523833360;S
20240205;103745;56.825000000;100;9523833705;B
20240205;103748;56.825000000;100;9523834305;B
20240205;103748;56.825000000;100;9523834306;B
20240205;103758;56.810000000;300;9523835843;S
20240205;103758;56.805000000;1500;9523835844;S
20240205;103758;56.835000000;2800;9523835973;B
20240205;103758;56.840000000;300;9523835974;B
20240205;103758;56.840000000;3000;9523835975;S
20240205;103800;56.835000000;300;9523836365;B
20240205;103809;56.840000000;300;9523837794;B
20240205;103809;56.840000000;4300;9523837795;B
20240205;103810;56.860000000;100;9523837966;B
20240205;103811;56.840000000;100;9523838196;S
20240205;103812;56.860000000;200;9523838338;B
20240205;103814;56.855000000;200;9523838649;B
20240205;103833;56.845000000;200;9523841515;B
20240205;103835;56.850000000;3600;9523842049;B
20240205;103835;56.850000000;400;9523842050;B
20240205;103841;56.850000000;100;9523843124;B
20240205;103844;56.845000000;200;9523843729;B
20240205;103844;56.850000000;800;9523843776;B
20240205;103847;56.840000000;100;9523844192;S
20240205;103854;56.855000000;100;9523845342;B
20240205;103900;56.865000000;200;9523846218;B
20240205;103904;56.860000000;2400;9523847000;S
20240205;103904;56.855000000;3600;9523847001;S
20240205;103904;56.855000000;1500;9523847002;S
20240205;103906;56.865000000;100;9523847220;B
20240205;103909;56.865000000;100;9523847736;B
20240205;103910;56.865000000;200;9523847866;B
20240205;103914;56.865000000;100;9523848425;B
20240205;103915;56.860000000;3600;9523848734;S
20240205;103915;56.860000000;300;9523848735;S
20240205;103915;56.860000000;500;9523848736;S
20240205;103915;56.855000000;7100;9523848737;S
20240205;103919;56.860000000;100;9523849447;B
20240205;103926;56.865000000;100;9523850445;B
20240205;103928;56.865000000;100;9523851031;B
20240205;103929;56.865000000;100;9523851153;B
20240205;103929;56.865000000;200;9523851225;B
20240205;103931;56.860000000;300;9523851470;S
20240205;103932;56.865000000;100;9523851603;B
20240205;103932;56.860000000;100;9523851641;S
20240205;103935;56.860000000;100;9523852263;S
20240205;103940;56.865000000;300;9523853139;B
20240205;103941;56.865000000;500;9523853314;B
20240205;103945;56.865000000;500;9523853832;B
20240205;103945;56.865000000;300;9523853951;B
20240205;103954;56.860000000;600;9523855407;S
20240205;103956;56.865000000;200;9523855618;B
20240205;104001;56.865000000;100;9523856215;B
20240205;104003;56.865000000;500;9523856676;B
20240205;104005;56.860000000;900;9523857022;S
20240205;104006;56.860000000;100;9523857078;S
20240205;104007;56.865000000;300;9523857289;B
20240205;104009;56.860000000;100;9523857677;S
20240205;104013;56.860000000;1100;9523858286;S
20240205;104013;56.860000000;100;9523858287;S
20240205;104016;56.860000000;500;9523858733;S
20240205;104016;56.860000000;1500;9523858734;S
20240205;104018;56.860000000;1700;9523858982;S
20240205;104020;56.865000000;900;9523859308;B
20240205;104020;56.865000000;2000;9523859454;B
20240205;104021;56.865000000;100;9523859616;B
20240205;104025;56.865000000;200;9523860277;B
20240205;104026;56.860000000;300;9523860440;S
20240205;104037;56.865000000;500;9523862223;B
20240205;104037;56.865000000;800;9523862270;B
20240205;104037;56.865000000;200;9523862271;B
20240205;104037;56.870000000;2300;9523862272;B
20240205;104053;56.880000000;1800;9523865576;B
20240205;104059;56.880000000;200;9523866648;S
20240205;104059;56.870000000;300;9523866649;S
20240205;104104;56.885000000;100;9523867472;B
20240205;104107;56.885000000;100;9523868099;B
20240205;104108;56.885000000;400;9523868151;B
20240205;104112;56.885000000;100;9523868864;B
20240205;104116;56.885000000;1000;9523869626;B
20240205;104122;56.885000000;100;9523870715;B
20240205;104124;56.880000000;2000;9523871211;S
20240205;104129;56.880000000;2000;9523871876;B
20240205;104129;56.880000000;4300;9523871877;B
20240205;104129;56.880000000;3600;9523871878;B
20240205;104129;56.885000000;400;9523871879;B
20240205;104133;56.880000000;100;9523872684;B
20240205;104134;56.880000000;100;9523872780;B
20240205;104138;56.880000000;100;9523873492;B
20240205;104139;56.880000000;100;9523873546;B
20240205;104146;56.875000000;700;9523875047;S
20240205;104146;56.875000000;300;9523875048;S
20240205;104146;56.875000000;200;9523875049;S
20240205;104146;56.870000000;2600;9523875089;S
20240205;104146;56.870000000;2000;9523875091;S
20240205;104146;56.865000000;100;9523875092;S
20240205;104146;56.865000000;300;9523875093;S
20240205;104146;56.860000000;100;9523875099;S
20240205;104146;56.860000000;100;9523875100;S
20240205;104146;56.860000000;100;9523875101;S
20240205;104146;56.860000000;100;9523875106;S
20240205;104146;56.860000000;1500;9523875115;B
20240205;104147;56.855000000;100;9523875182;S
20240205;104150;56.860000000;100;9523875779;B
20240205;104151;56.860000000;400;9523875867;B
20240205;104151;56.860000000;1400;9523875868;B
20240205;104151;56.860000000;4300;9523875869;B
20240205;104151;56.865000000;3000;9523875870;B
20240205;104151;56.865000000;1400;9523875871;B
20240205;104151;56.865000000;300;9523875872;B
20240205;104151;56.870000000;2000;9523875873;B
20240205;104151;56.870000000;1400;9523875874;B
20240205;104151;56.870000000;1000;9523875875;B
20240205;104151;56.870000000;2200;9523875876;B
20240205;104151;56.860000000;100;9523875900;B
20240205;104158;56.855000000;7500;9523876924;S
20240205;104159;56.855000000;400;9523877263;S
20240205;104200;56.855000000;400;9523877340;S
20240205;104203;56.860000000;100;9523877820;B
20240205;104205;56.860000000;100;9523878268;B
20240205;104207;56.860000000;300;9523878578;B
20240205;104210;56.855000000;1000;9523879054;S
20240205;104211;56.860000000;500;9523879231;B
20240205;104215;56.860000000;100;9523880021;B
20240205;104216;56.860000000;100;9523880086;B
20240205;104216;56.860000000;100;9523880108;B
20240205;104218;56.855000000;2000;9523880490;S
20240205;104221;56.860000000;200;9523881056;B
20240205;104223;56.860000000;2000;9523881338;B
20240205;104227;56.855000000;200;9523881919;S
20240205;104231;56.860000000;500;9523882534;B
20240205;104232;56.860000000;100;9523882657;B
20240205;104235;56.855000000;200;9523883217;S
20240205;104245;56.860000000;100;9523885036;B
20240205;104248;56.860000000;900;9523885579;B
20240205;104249;56.860000000;200;9523885742;B
20240205;104251;56.855000000;100;9523886139;S
20240205;104252;56.860000000;100;9523886221;B
20240205;104252;56.860000000;100;9523886335;B
20240205;104257;56.860000000;1400;9523887344;B
20240205;104300;56.855000000;200;9523887897;S
20240205;104300;56.855000000;3000;9523887898;S
20240205;104302;56.860000000;100;9523888376;B
20240205;104306;56.860000000;200;9523889055;B
20240205;104307;56.855000000;1000;9523889317;S
20240205;104312;56.860000000;200;9523890149;B
20240205;104313;56.860000000;100;9523890341;B
20240205;104317;56.855000000;17000;9523890824;S
20240205;104319;56.860000000;100;9523891135;B
20240205;104321;56.855000000;1500;9523891484;S
20240205;104321;56.855000000;300;9523891485;S
20240205;104321;56.855000000;10000;9523891486;S
20240205;104321;56.855000000;1300;9523891487;S
20240205;104322;56.860000000;300;9523891607;B
20240205;104323;56.860000000;100;9523891840;B
20240205;104324;56.860000000;100;9523892024;B
20240205;104330;56.860000000;100;9523893319;B
20240205;104335;56.860000000;300;9523894465;B
20240205;104337;56.860000000;100;9523894722;B
20240205;104344;56.855000000;200;9523895977;S
20240205;104347;56.860000000;700;9523896675;B
20240205;104349;56.855000000;100;9523896994;S
20240205;104351;56.855000000;100;9523897487;S
20240205;104357;56.855000000;300;9523899440;S
20240205;104357;56.855000000;100;9523899441;S
20240205;104357;56.855000000;400;9523899442;S
20240205;104402;56.860000000;200;9523900566;B
20240205;104403;56.860000000;500;9523900741;B
20240205;104406;56.855000000;100;9523901368;S
20240205;104406;56.855000000;100;9523901369;S
20240205;104406;56.855000000;300;9523901370;S
20240205;104406;56.855000000;500;9523901371;S
20240205;104407;56.855000000;400;9523901659;S
20240205;104412;56.855000000;500;9523902399;S
20240205;104412;56.855000000;200;9523902400;S
20240205;104412;56.850000000;9500;9523902401;S
20240205;104417;56.850000000;100;9523903355;S
20240205;104423;56.850000000;100;9523904393;S
20240205;104425;56.855000000;100;9523904705;B
20240205;104426;56.855000000;200;9523904814;B
20240205;104427;56.850000000;100;9523904989;S
20240205;104427;56.855000000;600;9523905038;B
20240205;104429;56.850000000;800;9523905275;S
20240205;104430;56.850000000;400;9523905531;S
20240205;104433;56.850000000;100;9523905981;S
20240205;104434;56.855000000;100;9523906141;B
20240205;104434;56.855000000;3500;9523906227;B
20240205;104437;56.850000000;300;9523906716;S
20240205;104438;56.855000000;100;9523907007;B
20240205;104440;56.855000000;100;9523907328;B
20240205;104440;56.855000000;200;9523907329;B
20240205;104444;56.855000000;500;9523907980;B
20240205;104445;56.855000000;700;9523908030;B
20240205;104446;56.855000000;300;9523908308;B
20240205;104448;56.855000000;500;9523908660;B
20240205;104449;56.855000000;100;9523908783;B
20240205;104449;56.850000000;1000;9523908806;S
20240205;104450;56.850000000;100;9523909015;S
20240205;104451;56.850000000;100;9523909281;S
20240205;104454;56.855000000;100;9523909786;B
20240205;104454;56.850000000;100;9523909824;S
20240205;104454;56.855000000;1600;9523909830;B
20240205;104455;56.855000000;300;9523909938;B
20240205;104456;56.855000000;100;9523910124;B
20240205;104456;56.855000000;100;9523910125;B
20240205;104457;56.850000000;100;9523910265;S
20240205;104458;56.855000000;100;9523910372;B
20240205;104459;56.850000000;200;9523910672;S
20240205;104501;56.855000000;300;9523911092;B
20240205;104501;56.850000000;1900;9523911093;S
20240205;104502;56.855000000;100;9523911187;B
20240205;104502;56.850000000;100;9523911205;S
20240205;104502;56.850000000;2500;9523911336;S
20240205;104511;56.855000000;400;9523913348;B
20240205;104520;56.850000000;100;9523914922;S
20240205;104524;56.850000000;2000;9523915528;S
20240205;104526;56.850000000;100;9523915883;S
20240205;104532;56.850000000;100;9523916930;S
20240205;104533;56.855000000;100;9523917028;B
20240205;104537;56.850000000;100;9523917588;S
20240205;104538;56.850000000;100;9523917703;S
20240205;104541;56.850000000;300;9523918379;S
20240205;104548;56.855000000;1100;9523919677;B
20240205;104553;56.855000000;100;9523920634;B
20240205;104555;56.855000000;1700;9523920965;B
20240205;104555;56.855000000;200;9523920966;B
20240205;104557;56.850000000;100;9523921173;S
20240205;104558;56.855000000;100;9523921291;B
20240205;104558;56.850000000;100;9523921299;S
20240205;104605;56.850000000;200;9523922530;S
20240205;104606;56.850000000;100;9523922775;S
20240205;104608;56.850000000;100;9523922961;S
20240205;104608;56.850000000;100;9523923111;S
20240205;104610;56.850000000;100;9523923457;S
20240205;104613;56.855000000;200;9523924054;B
20240205;104616;56.850000000;1000;9523924622;S
20240205;104618;56.855000000;3500;9523924916;B
20240205;104618;56.850000000;100;9523924940;S
20240205;104621;56.855000000;200;9523925412;B
20240205;104621;56.855000000;200;9523925413;B
20240205;104623;56.855000000;4800;9523925919;B
20240205;104628;56.855000000;100;9523926758;S
20240205;104629;56.860000000;100;9523926927;B
20240205;104629;56.855000000;100;9523926937;S
20240205;104629;56.860000000;100;9523927017;B
20240205;104629;56.860000000;200;9523927018;B
20240205;104635;56.855000000;300;9523928152;S
20240205;104636;56.855000000;500;9523928226;S
20240205;104639;56.855000000;100;9523928836;S
20240205;104640;56.860000000;100;9523928970;B
20240205;104642;56.855000000;200;9523929323;S
20240205;104643;56.855000000;500;9523929478;S
20240205;104645;56.855000000;900;9523929802;S
20240205;104647;56.860000000;200;9523930131;B
20240205;104650;56.860000000;300;9523930727;B
20240205;104656;56.855000000;100;9523931718;S
20240205;104659;56.855000000;100;9523932376;S
20240205;104703;56.855000000;100;9523933137;S
20240205;104703;56.860000000;100;9523933234;B
20240205;104707;56.855000000;100;9523933841;S
20240205;104708;56.860000000;100;9523933971;B
20240205;104710;56.860000000;2000;9523934272;B
20240205;104712;56.860000000;100;9523934551;B
20240205;104714;56.860000000;100;9523934780;B
20240205;104729;56.855000000;100;9523937470;S
20240205;104730;56.855000000;1000;9523937684;S
20240205;104737;56.855000000;100;9523939028;S
20240205;104739;56.855000000;100;9523939465;S
20240205;104739;56.855000000;1000;9523939626;S
20240205;104740;56.855000000;100;9523939714;S
20240205;104741;56.860000000;300;9523939889;B
20240205;104742;56.860000000;400;9523940099;B
20240205;104742;56.855000000;100;9523940264;S
20240205;104743;56.860000000;100;9523940318;B
20240205;104743;56.860000000;100;9523940319;B
20240205;104743;56.860000000;200;9523940320;B
20240205;104744;56.860000000;300;9523940625;B
20240205;104744;56.860000000;200;9523940626;B
20240205;104744;56.860000000;500;9523940627;B
20240205;104746;56.860000000;200;9523940985;B
20240205;104759;56.860000000;100;9523943768;B
20240205;104759;56.860000000;300;9523943769;B
20240205;104759;56.860000000;200;9523943786;B
20240205;104802;56.860000000;200;9523944445;B
20240205;104804;56.860000000;100;9523944927;B
20240205;104805;56.860000000;3000;9523945112;B
20240205;104806;56.855000000;100;9523945166;S
20240205;104807;56.855000000;100;9523945612;S
20240205;104812;56.860000000;1500;9523946434;B
20240205;104812;56.860000000;500;9523946435;B
20240205;104815;56.855000000;100;9523947174;S
20240205;104815;56.860000000;1500;9523947214;B
20240205;104815;56.865000000;7500;9523947215;B
20240205;104815;56.865000000;600;9523947216;B
20240205;104815;56.865000000;400;9523947217;B
20240205;104819;56.855000000;1200;9523948219;S
20240205;104832;56.870000000;100;9523951219;B
20240205;104835;56.870000000;1000;9523951747;B
20240205;104837;56.870000000;400;9523952185;B
20240205;104854;56.870000000;100;9523955483;B
20240205;104855;56.865000000;100;9523955596;S
20240205;104904;56.860000000;100;9523957283;S
20240205;104904;56.865000000;1000;9523957349;B
20240205;104907;56.865000000;300;9523957785;B
20240205;104909;56.865000000;100;9523958089;B
20240205;104909;56.860000000;200;9523958146;S
20240205;104909;56.860000000;600;9523958147;S
20240205;104909;56.855000000;100;9523958148;S
20240205;104909;56.855000000;100;9523958149;S
20240205;104914;56.855000000;100;9523959043;S
20240205;104916;56.855000000;100;9523959391;S
20240205;104916;56.855000000;500;9523959392;S
20240205;104926;56.855000000;100;9523960902;S
20240205;104926;56.855000000;3600;9523960903;S
20240205;104926;56.855000000;1200;9523960904;S
20240205;104926;56.855000000;200;9523960905;S
20240205;104926;56.855000000;500;9523960906;S
20240205;104926;56.855000000;500;9523960907;S
20240205;104926;56.850000000;21400;9523960908;S
20240205;104926;56.855000000;3600;9523960954;S
20240205;104926;56.850000000;15100;9523960955;S
20240205;104926;56.850000000;100;9523960956;S
20240205;104926;56.850000000;8700;9523960957;S
20240205;104928;56.850000000;1300;9523961187;S
20240205;104928;56.850000000;100;9523961188;S
20240205;104928;56.850000000;200;9523961189;S
20240205;104928;56.850000000;100;9523961190;S
20240205;104928;56.850000000;3500;9523961191;S
20240205;104928;56.850000000;1500;9523961192;S
20240205;104928;56.850000000;700;9523961193;S
20240205;104928;56.850000000;100;9523961194;S
20240205;104928;56.850000000;100;9523961195;S
20240205;104928;56.850000000;3000;9523961196;S
20240205;104928;56.850000000;16900;9523961197;S
20240205;104928;56.850000000;27500;9523961238;S
20240205;104931;56.850000000;15600;9523961770;S
20240205;104937;56.850000000;100;9523962820;S
20240205;104937;56.850000000;6800;9523962823;S
20240205;104946;56.855000000;100;9523964412;B
20240205;104947;56.850000000;100;9523964552;S
20240205;104947;56.855000000;200;9523964583;B
20240205;104947;56.850000000;200;9523964590;S
20240205;104955;56.855000000;3300;9523966128;B
20240205;104955;56.860000000;1400;9523966129;B
20240205;104955;56.860000000;600;9523966130;B
20240205;104955;56.865000000;8600;9523966131;B
20240205;104955;56.865000000;100;9523966132;B
20240205;105003;56.865000000;100;9523967229;B
20240205;105010;56.850000000;500;9523968383;S
20240205;105013;56.865000000;1500;9523968889;B
20240205;105016;56.850000000;1000;9523969333;S
20240205;105023;56.850000000;1200;9523970354;S
20240205;105031;56.865000000;200;9523971491;B
20240205;105040;56.865000000;1800;9523972983;B
20240205;105040;56.865000000;600;9523972984;B
20240205;105040;56.865000000;100;9523972985;B
20240205;105047;56.855000000;100;9523974129;S
20240205;105108;56.865000000;100;9523977822;B
20240205;105111;56.865000000;100;9523978250;B
20240205;105115;56.865000000;400;9523978844;B
20240205;105115;56.865000000;200;9523978845;B
20240205;105120;56.860000000;4300;9523979584;S
20240205;105120;56.860000000;1000;9523979585;S
20240205;105120;56.860000000;3000;9523979586;S
20240205;105120;56.855000000;300;9523979587;S
20240205;105120;56.855000000;3000;9523979588;S
20240205;105120;56.855000000;1000;9523979589;S
20240205;105120;56.855000000;700;9523979590;S
20240205;105120;56.850000000;4200;9523979591;S
20240205;105120;56.850000000;200;9523979592;S
20240205;105125;56.865000000;100;9523980458;B
20240205;105127;56.865000000;100;9523980698;B
20240205;105148;56.870000000;400;9523983839;B
20240205;105151;56.865000000;1400;9523984673;B
20240205;105151;56.865000000;200;9523984674;B
20240205;105213;56.865000000;700;9523988257;S
20240205;105213;56.865000000;2000;9523988258;S
20240205;105213;56.865000000;200;9523988259;B
20240205;105214;56.855000000;4300;9523988729;S
20240205;105215;56.850000000;300;9523988850;S
20240205;105221;56.850000000;5300;9523989923;S
20240205;105224;56.855000000;500;9523990514;B
20240205;105226;56.855000000;100;9523990839;B
20240205;105233;56.855000000;1100;9523991989;B
20240205;105313;56.860000000;600;9523999659;S
20240205;105313;56.860000000;400;9523999660;S
20240205;105315;56.865000000;100;9523999983;B
20240205;105321;56.860000000;400;9524000888;S
20240205;105323;56.865000000;500;9524001191;B
20240205;105329;56.865000000;500;9524002180;B
20240205;105329;56.865000000;300;9524002181;B
20240205;105334;56.865000000;100;9524002935;B
20240205;105334;56.865000000;100;9524002999;B
20240205;105341;56.865000000;100;9524003889;B
20240205;105341;56.865000000;100;9524003949;B
20240205;105348;56.860000000;200;9524005010;S
20240205;105348;56.865000000;200;9524005011;B
20240205;105348;56.860000000;100;9524005015;S
20240205;105349;56.860000000;700;9524005071;S
20240205;105349;56.860000000;600;9524005072;S
20240205;105349;56.860000000;600;9524005073;S
20240205;105357;56.860000000;1000;9524006184;S
20240205;105402;56.865000000;100;9524007047;B
20240205;105402;56.870000000;1200;9524007048;B
20240205;105403;56.865000000;100;9524007296;S
20240205;105405;56.870000000;2000;9524007565;B
20240205;105406;56.865000000;500;9524007721;S
20240205;105406;56.865000000;500;9524007722;S
20240205;105406;56.870000000;1500;9524007793;B
20240205;105411;56.870000000;1700;9524008667;B
20240205;105413;56.865000000;100;9524008917;S
20240205;105416;56.870000000;1000;9524009573;B
20240205;105417;56.870000000;1300;9524009625;B
20240205;105418;56.865000000;400;9524009849;S
20240205;105418;56.865000000;600;9524009850;S
20240205;105419;56.865000000;200;9524010100;S
20240205;105432;56.870000000;100;9524012283;B
20240205;105433;56.870000000;100;9524012381;B
20240205;105433;56.870000000;500;9524012539;B
20240205;105434;56.870000000;100;9524012649;B
20240205;105435;56.870000000;100;9524012806;B
20240205;105436;56.870000000;100;9524012994;B
20240205;105438;56.870000000;100;9524013257;B
20240205;105439;56.870000000;100;9524013618;B
20240205;105449;56.865000000;100;9524015315;S
20240205;105450;56.870000000;5000;9524015473;B
20240205;105452;56.870000000;200;9524015671;B
20240205;105454;56.865000000;3400;9524015960;S
20240205;105454;56.865000000;2300;9524015961;S
20240205;105458;56.865000000;100;9524016739;S
20240205;105458;56.870000000;100;9524016762;B
20240205;105459;56.870000000;1200;9524016786;B
20240205;105500;56.865000000;600;9524016993;S
20240205;105501;56.870000000;100;9524017143;B
20240205;105503;56.870000000;100;9524017411;B
20240205;105503;56.865000000;300;9524017508;S
20240205;105503;56.865000000;200;9524017509;S
20240205;105504;56.870000000;100;9524017695;B
20240205;105505;56.870000000;100;9524017792;B
20240205;105508;56.870000000;1700;9524018203;B
20240205;105509;56.870000000;100;9524018341;B
20240205;105509;56.870000000;600;9524018342;B
20240205;105509;56.870000000;100;9524018343;B
20240205;105510;56.875000000;200;9524018513;S
20240205;105511;56.880000000;2000;9524018663;B
20240205;105511;56.880000000;1000;9524018878;B
20240205;105513;56.880000000;100;9524019146;B
20240205;105514;56.880000000;300;9524019274;B
20240205;105515;56.880000000;100;9524019331;B
20240205;105519;56.875000000;3400;9524020055;S
20240205;105519;56.875000000;4300;9524020056;S
20240205;105519;56.875000000;2600;9524020057;S
20240205;105519;56.875000000;700;9524020058;S
20240205;105519;56.870000000;1100;9524020059;S
20240205;105519;56.870000000;300;9524020060;S
20240205;105519;56.865000000;1000;9524020061;S
20240205;105519;56.865000000;5000;9524020062;S
20240205;105519;56.860000000;1000;9524020063;S
