<DATE>;<TIME>;<LAST>;<VOL>;<ID>;<OPER>
20240125;095948;56.075000000;500;9463802288;S
20240125;095948;56.075000000;400;9463802289;S
20240125;095948;56.075000000;100;9463802290;S
20240125;095948;56.075000000;100;9463802291;B
20240125;095948;56.075000000;200;9463802292;B
20240125;095948;56.075000000;100;9463802293;B
20240125;095948;56.075000000;300;9463802294;B
20240125;095948;56.075000000;100;9463802295;B
20240125;095948;56.075000000;100;9463802296;B
20240125;095948;56.075000000;100;9463802297;B
20240125;095948;56.075000000;100;9463802298;B
20240125;095948;56.075000000;100;9463802299;S
20240125;095948;56.075000000;400;9463802300;B
20240125;100000;56.100000000;1000;9463805090;B
20240125;100000;56.100000000;500;9463805792;B
20240125;100000;56.100000000;100;9463805793;B
20240125;100000;56.100000000;100;9463805794;B
20240125;100000;56.105000000;200;9463805796;B
20240125;100000;56.110000000;500;9463805798;B
20240125;100000;56.110000000;200;9463805799;B
20240125;100000;56.115000000;200;9463805814;B
20240125;100000;56.120000000;300;9463805815;B
20240125;100001;56.120000000;3700;9463805969;B
20240125;100001;56.120000000;800;9463805970;B
20240125;100001;56.120000000;1000;9463805979;B
20240125;100001;56.120000000;2000;9463805980;B
20240125;100001;56.120000000;1200;9463805984;B
20240125;100001;56.125000000;2400;9463805986;B
20240125;100001;56.125000000;1200;9463805987;B
20240125;100001;56.125000000;1000;9463805988;B
20240125;100001;56.125000000;200;9463806025;B
20240125;100001;56.125000000;1000;9463806173;B
20240125;100001;56.130000000;200;9463806218;B
20240125;100001;56.130000000;200;9463806219;B
20240125;100001;56.145000000;100;9463806523;S
20240125;100001;56.145000000;100;9463806546;S
20240125;100001;56.145000000;100;9463806562;S
20240125;100001;56.145000000;100;9463806589;S
20240125;100001;56.145000000;100;9463806636;S
20240125;100002;56.145000000;3300;9463806821;S
20240125;100003;56.150000000;200;9463807512;B
20240125;100003;56.150000000;100;9463807720;B
20240125;100003;56.150000000;500;9463807721;B
20240125;100003;56.150000000;200;9463807722;B
20240125;100003;56.150000000;200;9463807723;B
20240125;100003;56.150000000;200;9463807724;B
20240125;100003;56.150000000;200;9463807725;B
20240125;100003;56.160000000;100;9463807726;B
20240125;100003;56.160000000;2000;9463807727;B
20240125;100003;56.160000000;1400;9463807728;B
20240125;100005;56.160000000;1400;9463808679;B
20240125;100005;56.165000000;100;9463808721;B
20240125;100005;56.160000000;2800;9463808798;S
20240125;100005;56.160000000;2200;9463809010;B
20240125;100005;56.160000000;100;9463809203;B
20240125;100005;56.155000000;200;9463809297;S
20240125;100005;56.160000000;100;9463809787;B
20240125;100008;56.155000000;1000;9463812302;S
20240125;100008;56.155000000;1000;9463812303;S
20240125;100008;56.115000000;2000;9463812304;S
20240125;100009;56.105000000;500;9463812429;S
20240125;100010;56.100000000;200;9463812738;S
20240125;100010;56.095000000;300;9463812739;S
20240125;100010;56.125000000;100;9463812840;B
20240125;100010;56.125000000;200;9463813020;B
20240125;100010;56.125000000;200;9463813038;B
20240125;100010;56.130000000;200;9463813100;B
20240125;100010;56.110000000;3800;9463813172;S
20240125;100010;56.130000000;500;9463813207;B
20240125;100010;56.110000000;100;9463813233;S
20240125;100011;56.130000000;300;9463813425;B
20240125;100011;56.130000000;300;9463813454;B
20240125;100011;56.155000000;100;9463813749;B
20240125;100012;56.140000000;1000;9463814012;S
20240125;100012;56.130000000;2400;9463814013;S
20240125;100013;56.155000000;100;9463814542;B
20240125;100014;56.155000000;1900;9463814751;B
20240125;100014;56.160000000;1600;9463814752;B
20240125;100014;56.155000000;600;9463814960;B
20240125;100018;56.165000000;400;9463816041;B
20240125;100018;56.165000000;100;9463816042;B
20240125;100018;56.165000000;1500;9463816043;B
20240125;100020;56.170000000;200;9463816743;B
20240125;100020;56.170000000;200;9463816744;B
20240125;100020;56.170000000;100;9463816745;B
20240125;100020;56.175000000;2000;9463816746;B
20240125;100020;56.180000000;100;9463816747;B
20240125;100020;56.180000000;1800;9463816748;B
20240125;100020;56.155000000;3600;9463816754;S
20240125;100021;56.145000000;800;9463816986;B
20240125;100024;56.145000000;2500;9463817772;B
20240125;100025;56.155000000;3500;9463818050;B
20240125;100029;56.155000000;1000;9463818746;B
20240125;100030;56.155000000;1000;9463818857;B
20240125;100043;56.115000000;2800;9463821553;S
20240125;100043;56.110000000;200;9463821554;S
20240125;100045;56.110000000;200;9463821986;S
20240125;100046;56.095000000;100;9463822409;S
20240125;100052;56.105000000;100;9463823626;B
20240125;100053;56.105000000;1000;9463823681;B
20240125;100053;56.095000000;1000;9463823866;S
20240125;100053;56.095000000;700;9463823872;S
20240125;100054;56.105000000;500;9463823957;B
20240125;100054;56.105000000;700;9463824047;B
20240125;100100;56.095000000;4000;9463825176;S
20240125;100101;56.065000000;2500;9463825381;S
20240125;100102;56.040000000;100;9463825731;S
20240125;100102;56.040000000;500;9463825732;S
20240125;100102;56.040000000;100;9463825733;S
20240125;100102;56.040000000;200;9463825734;S
20240125;100102;56.040000000;100;9463825735;S
20240125;100102;56.040000000;100;9463825736;S
20240125;100102;56.040000000;2000;9463825737;S
20240125;100102;56.040000000;100;9463825738;S
20240125;100102;56.040000000;200;9463825739;S
20240125;100102;56.035000000;2000;9463825740;S
20240125;100102;56.030000000;4400;9463825741;S
20240125;100102;56.025000000;100;9463825742;S
20240125;100102;56.025000000;2000;9463825743;S
20240125;100102;56.020000000;800;9463825744;S
20240125;100102;56.020000000;5300;9463825745;S
20240125;100102;56.090000000;1400;9463825758;B
20240125;100102;56.095000000;1600;9463825759;B
20240125;100113;56.020000000;200;9463827817;S
20240125;100113;56.020000000;100;9463827818;S
20240125;100114;56.025000000;100;9463828089;B
20240125;100121;56.015000000;100;9463830052;S
20240125;100121;56.015000000;200;9463830053;S
20240125;100121;56.015000000;600;9463830054;S
20240125;100123;56.050000000;800;9463831138;B
20240125;100124;56.050000000;200;9463831583;B
20240125;100125;56.020000000;200;9463833073;S
20240125;100127;56.020000000;200;9463835914;S
20240125;100127;56.015000000;2000;9463835915;S
20240125;100127;56.010000000;5000;9463835916;S
20240125;100127;56.010000000;5000;9463835917;S
20240125;100127;56.005000000;1700;9463835918;S
20240125;100128;56.035000000;900;9463836519;B
20240125;100128;56.035000000;1400;9463836520;B
20240125;100128;56.040000000;1400;9463836521;B
20240125;100128;56.045000000;1400;9463836522;B
20240125;100128;56.055000000;4000;9463836523;B
20240125;100132;56.015000000;100;9463837959;S
20240125;100141;56.080000000;600;9463839950;B
20240125;100144;56.045000000;200;9463840701;S
20240125;100149;56.090000000;300;9463841568;B
20240125;100151;56.060000000;2000;9463842023;S
20240125;100151;56.060000000;1000;9463842024;S
20240125;100152;56.085000000;1400;9463842357;B
20240125;100152;56.085000000;100;9463842358;B
20240125;100157;56.090000000;300;9463844163;B
20240125;100158;56.085000000;1000;9463844218;S
20240125;100200;56.085000000;100;9463844946;S
20240125;100201;56.090000000;500;9463845396;B
20240125;100202;56.090000000;500;9463845474;B
20240125;100202;56.090000000;100;9463845611;B
20240125;100202;56.090000000;700;9463845612;B
20240125;100203;56.085000000;1100;9463846008;S
20240125;100203;56.085000000;3000;9463846009;S
20240125;100203;56.085000000;200;9463846042;B
20240125;100206;56.085000000;200;9463846975;B
20240125;100207;56.065000000;2500;9463847645;S
20240125;100211;56.080000000;100;9463848487;B
20240125;100213;56.075000000;200;9463848767;S
20240125;100213;56.075000000;2400;9463848768;S
20240125;100218;56.065000000;2600;9463850568;B
20240125;100218;56.060000000;900;9463850823;B
20240125;100219;56.075000000;800;9463851012;B
20240125;100220;56.075000000;200;9463851550;B
20240125;100220;56.075000000;600;9463851595;B
20240125;100220;56.080000000;1600;9463851624;B
20240125;100220;56.080000000;1700;9463851676;B
20240125;100224;56.075000000;2000;9463852622;S
20240125;100231;56.080000000;200;9463853953;B
20240125;100232;56.075000000;1000;9463854253;S
20240125;100239;56.075000000;2000;9463856111;S
20240125;100240;56.080000000;5000;9463856322;B
20240125;100247;56.080000000;3000;9463858377;B
20240125;100250;56.080000000;100;9463858889;B
20240125;100251;56.080000000;100;9463859028;B
20240125;100251;56.080000000;900;9463859074;B
20240125;100253;56.075000000;1000;9463859409;S
20240125;100254;56.080000000;1000;9463859585;B
20240125;100254;56.080000000;800;9463859586;B
20240125;100254;56.080000000;200;9463859587;B
20240125;100308;56.080000000;500;9463862522;B
20240125;100309;56.080000000;500;9463862884;B
20240125;100313;56.080000000;100;9463863993;B
20240125;100322;56.080000000;100;9463865821;B
20240125;100324;56.080000000;400;9463866239;B
20240125;100329;56.080000000;2000;9463866939;B
20240125;100330;56.075000000;1000;9463867036;S
20240125;100330;56.075000000;3000;9463867037;S
20240125;100330;56.075000000;5500;9463867038;S
20240125;100333;56.070000000;3100;9463867616;B
20240125;100334;56.065000000;1100;9463867790;S
20240125;100334;56.065000000;3000;9463867791;S
20240125;100334;56.050000000;1400;9463867792;S
20240125;100334;56.045000000;1400;9463867793;S
20240125;100334;56.045000000;2600;9463867794;S
20240125;100334;56.040000000;4800;9463867795;S
20240125;100334;56.040000000;700;9463867796;S
20240125;100334;56.045000000;2900;9463867817;S
20240125;100334;56.035000000;2000;9463867818;S
20240125;100334;56.030000000;1400;9463867819;S
20240125;100334;56.025000000;2000;9463867820;S
20240125;100334;56.025000000;1400;9463867821;S
20240125;100334;56.020000000;13000;9463867822;S
20240125;100334;56.020000000;1400;9463867823;S
20240125;100334;56.015000000;2000;9463867824;S
20240125;100334;56.015000000;2000;9463867825;S
20240125;100334;56.010000000;200;9463867826;S
20240125;100334;56.010000000;2700;9463867827;S
20240125;100337;56.035000000;100;9463868147;S
20240125;100341;56.065000000;100;9463868928;S
20240125;100344;56.070000000;200;9463869416;B
20240125;100404;56.065000000;3000;9463872858;S
20240125;100404;56.065000000;900;9463872859;S
20240125;100404;56.065000000;1400;9463872860;S
20240125;100404;56.060000000;1400;9463872861;S
20240125;100404;56.055000000;1400;9463872862;S
20240125;100406;56.050000000;100;9463873144;S
20240125;100413;56.055000000;100;9463874452;B
20240125;100414;56.055000000;100;9463874636;B
20240125;100415;56.055000000;200;9463874893;B
20240125;100418;56.045000000;2000;9463875655;B
20240125;100424;56.035000000;100;9463876804;S
20240125;100424;56.055000000;1300;9463876831;B
20240125;100424;56.060000000;2100;9463876832;B
20240125;100424;56.065000000;700;9463876833;B
20240125;100425;56.035000000;300;9463876938;S
20240125;100429;56.045000000;3000;9463877469;S
20240125;100431;56.055000000;3600;9463877836;B
20240125;100431;56.055000000;100;9463877837;B
20240125;100431;56.055000000;800;9463877838;B
20240125;100438;56.055000000;200;9463879026;B
20240125;100439;56.035000000;2000;9463879114;S
20240125;100443;56.035000000;500;9463880440;S
20240125;100443;56.035000000;100;9463880441;S
20240125;100444;56.050000000;1700;9463880655;B
20240125;100450;56.055000000;1000;9463881842;B
20240125;100456;56.050000000;400;9463882897;S
20240125;100501;56.055000000;100;9463883859;B
20240125;100501;56.055000000;100;9463883925;B
20240125;100501;56.050000000;100;9463883983;S
20240125;100501;56.050000000;100;9463883991;S
20240125;100504;56.050000000;300;9463884450;S
20240125;100504;56.050000000;200;9463884510;S
20240125;100504;56.050000000;100;9463884511;S
20240125;100506;56.055000000;100;9463884813;B
20240125;100507;56.050000000;100;9463884984;S
20240125;100520;56.055000000;2000;9463888000;B
20240125;100525;56.055000000;800;9463888716;S
20240125;100525;56.035000000;4200;9463888717;B
20240125;100532;56.045000000;200;9463889938;S
20240125;100536;56.035000000;100;9463890733;S
20240125;100541;56.025000000;100;9463891550;S
20240125;100547;56.025000000;1000;9463892832;S
20240125;100559;56.025000000;100;9463894841;B
20240125;100610;56.025000000;200;9463896751;B
20240125;100615;56.020000000;100;9463897959;S
20240125;100615;56.015000000;1300;9463897960;S
20240125;100616;56.010000000;300;9463898117;S
20240125;100616;56.010000000;800;9463898118;S
20240125;100616;56.010000000;300;9463898119;S
20240125;100616;56.005000000;800;9463898120;S
20240125;100627;56.025000000;100;9463900007;B
20240125;100631;56.025000000;200;9463900688;B
20240125;100631;56.025000000;100;9463900689;B
20240125;100631;56.025000000;500;9463900690;B
20240125;100631;56.025000000;200;9463900691;B
20240125;100632;56.010000000;100;9463901055;S
20240125;100634;56.005000000;3000;9463901292;S
20240125;100634;56.005000000;800;9463901293;S
20240125;100636;56.010000000;1000;9463901624;B
20240125;100636;56.005000000;100;9463901692;S
20240125;100640;56.005000000;2000;9463902457;S
20240125;100641;56.010000000;1000;9463902620;B
20240125;100647;56.010000000;2900;9463904395;B
20240125;100647;56.010000000;1900;9463904396;B
20240125;100647;56.010000000;200;9463904397;B
20240125;100651;56.010000000;1000;9463905046;B
20240125;100653;56.010000000;800;9463905509;B
20240125;100653;56.010000000;1200;9463905510;B
20240125;100655;56.005000000;700;9463906203;S
20240125;100656;56.005000000;300;9463906272;S
20240125;100656;56.005000000;600;9463906371;S
20240125;100656;56.005000000;1000;9463906372;S
20240125;100656;56.005000000;4000;9463906373;S
20240125;100656;56.000000000;300;9463906374;S
20240125;100656;56.000000000;1000;9463906375;S
20240125;100656;56.000000000;200;9463906376;S
20240125;100656;56.000000000;500;9463906377;S
20240125;100656;56.000000000;2000;9463906378;S
20240125;100656;56.000000000;2000;9463906379;S
20240125;100656;56.000000000;100;9463906380;S
20240125;100656;56.000000000;500;9463906381;S
20240125;100656;56.000000000;200;9463906382;S
20240125;100656;56.000000000;100;9463906383;S
20240125;100656;56.000000000;400;9463906384;S
20240125;100656;56.000000000;100;9463906385;S
20240125;100656;56.000000000;2000;9463906386;S
20240125;100656;56.000000000;200;9463906387;S
20240125;100656;56.000000000;100;9463906388;S
20240125;100656;56.000000000;200;9463906389;S
20240125;100657;56.010000000;800;9463906481;B
20240125;100657;56.010000000;100;9463906482;B
20240125;100657;56.000000000;100;9463906638;S
20240125;100701;56.000000000;1000;9463907249;S
20240125;100704;56.005000000;100;9463907670;B
20240125;100705;56.005000000;1000;9463907783;B
20240125;100706;56.005000000;100;9463908175;B
20240125;100706;56.005000000;400;9463908176;B
20240125;100708;56.000000000;3700;9463908458;S
20240125;100710;55.995000000;100;9463908720;S
20240125;100710;55.990000000;400;9463908721;S
20240125;100710;55.990000000;1600;9463908797;S
20240125;100710;55.985000000;2000;9463908798;B
20240125;100710;55.985000000;1000;9463908799;B
20240125;100714;55.980000000;200;9463910104;B
20240125;100720;55.965000000;500;9463911334;S
20240125;100727;55.970000000;400;9463912738;S
20240125;100728;55.975000000;500;9463912803;B
20240125;100730;55.970000000;1600;9463913138;S
20240125;100730;55.970000000;4000;9463913139;S
20240125;100730;55.965000000;500;9463913140;S
20240125;100730;55.965000000;1000;9463913141;S
20240125;100730;55.965000000;1300;9463913142;S
20240125;100730;55.970000000;1000;9463913304;S
20240125;100731;55.975000000;500;9463913475;B
20240125;100731;55.980000000;1000;9463913567;B
20240125;100733;55.975000000;500;9463913863;S
20240125;100733;55.965000000;500;9463913864;S
20240125;100742;55.970000000;2000;9463915569;S
20240125;100742;55.970000000;4000;9463915570;S
20240125;100742;55.965000000;1200;9463915571;S
20240125;100742;55.965000000;100;9463915572;S
20240125;100742;55.960000000;2000;9463915573;S
20240125;100742;55.960000000;1500;9463915574;S
20240125;100742;55.960000000;1800;9463915575;S
20240125;100742;55.960000000;3000;9463915576;B
20240125;100742;55.955000000;800;9463915592;S
20240125;100742;55.955000000;100;9463915593;S
20240125;100742;55.955000000;600;9463915594;S
20240125;100742;55.960000000;500;9463915595;B
20240125;100742;55.960000000;500;9463915596;B
20240125;100744;55.955000000;100;9463916044;S
20240125;100745;55.960000000;100;9463916194;B
20240125;100751;55.955000000;400;9463917395;S
20240125;100753;55.960000000;400;9463917810;B
20240125;100800;55.960000000;100;9463919393;S
20240125;100811;55.960000000;300;9463921526;S
20240125;100812;55.970000000;100;9463921601;B
20240125;100812;55.970000000;200;9463921602;B
20240125;100812;55.970000000;700;9463921603;B
20240125;100818;55.960000000;200;9463922515;S
20240125;100818;55.960000000;100;9463922516;S
20240125;100818;55.960000000;500;9463922517;S
20240125;100818;55.950000000;200;9463922518;S
20240125;100818;55.970000000;300;9463922617;B
20240125;100818;55.970000000;100;9463922618;B
20240125;100819;55.970000000;2000;9463922637;B
20240125;100824;55.950000000;400;9463923437;S
20240125;100825;55.960000000;100;9463923787;B
20240125;100825;55.960000000;400;9463923788;B
20240125;100825;55.960000000;600;9463923809;B
20240125;100825;55.970000000;2900;9463923810;B
20240125;100838;55.955000000;1000;9463925685;B
20240125;100839;55.950000000;300;9463925732;S
20240125;100851;55.955000000;100;9463927590;B
20240125;100852;55.950000000;100;9463927847;S
20240125;100852;55.950000000;600;9463927848;S
20240125;100908;55.950000000;500;9463930284;S
20240125;100909;55.955000000;100;9463930466;B
20240125;100911;55.950000000;500;9463930821;S
20240125;100916;55.950000000;200;9463931560;S
20240125;100921;55.950000000;3200;9463932167;S
20240125;100926;55.950000000;1000;9463932887;S
20240125;100926;55.950000000;200;9463932888;S
20240125;100935;55.960000000;500;9463934310;B
20240125;100938;55.960000000;2000;9463935490;B
20240125;100938;55.960000000;4000;9463935491;B
20240125;100942;55.975000000;100;9463936227;B
20240125;100942;55.980000000;800;9463936308;B
20240125;100943;55.980000000;200;9463936371;B
20240125;100944;55.985000000;5400;9463936474;B
20240125;100946;55.990000000;400;9463936674;B
20240125;100947;55.995000000;200;9463936863;S
20240125;100951;55.995000000;100;9463937492;S
20240125;100951;56.000000000;100;9463937506;B
20240125;100951;56.000000000;2100;9463937507;B
20240125;100956;56.000000000;100;9463938297;B
20240125;101000;56.000000000;300;9463938809;B
20240125;101001;55.995000000;100;9463938957;S
20240125;101003;56.000000000;1300;9463939256;B
20240125;101003;56.000000000;1300;9463939257;B
20240125;101003;56.000000000;300;9463939258;B
20240125;101003;56.000000000;200;9463939259;B
20240125;101003;56.005000000;400;9463939260;B
20240125;101003;56.005000000;4400;9463939261;B
20240125;101003;56.010000000;1100;9463939262;B
20240125;101003;56.010000000;200;9463939285;B
20240125;101003;56.010000000;300;9463939330;B
20240125;101003;56.010000000;100;9463939351;B
20240125;101003;56.010000000;400;9463939357;B
20240125;101003;56.010000000;100;9463939358;B
20240125;101004;56.005000000;200;9463939389;S
20240125;101010;56.015000000;100;9463940675;S
20240125;101013;56.020000000;1400;9463941202;B
20240125;101013;56.020000000;1600;9463941203;B
20240125;101015;56.015000000;600;9463941492;S
20240125;101015;56.015000000;300;9463941493;S
20240125;101015;56.000000000;5000;9463941494;S
20240125;101017;56.000000000;400;9463941756;B
20240125;101018;56.000000000;800;9463941927;B
20240125;101025;56.000000000;100;9463942912;B
20240125;101033;56.025000000;100;9463943883;B
20240125;101033;56.030000000;500;9463943884;B
20240125;101035;56.025000000;100;9463944072;S
20240125;101036;56.025000000;100;9463944258;S
20240125;101039;56.025000000;100;9463944758;S
20240125;101041;56.030000000;1000;9463945048;B
20240125;101054;56.030000000;100;9463946550;B
20240125;101054;56.030000000;100;9463946589;B
20240125;101054;56.040000000;100;9463946590;B
20240125;101101;56.025000000;100;9463947542;S
20240125;101104;56.045000000;100;9463947924;B
20240125;101104;56.050000000;100;9463947934;B
20240125;101105;56.045000000;300;9463947964;S
20240125;101108;56.045000000;100;9463948401;S
20240125;101110;56.045000000;3500;9463948616;S
20240125;101111;56.045000000;1000;9463948695;S
20240125;101114;56.030000000;100;9463949022;S
20240125;101118;56.045000000;1000;9463949510;B
20240125;101123;56.050000000;1000;9463950242;B
20240125;101124;56.035000000;100;9463950343;S
20240125;101125;56.035000000;100;9463950787;S
20240125;101130;56.045000000;1400;9463951368;B
20240125;101131;56.050000000;19500;9463951452;B
20240125;101131;56.050000000;100;9463951585;B
20240125;101133;56.050000000;200;9463951896;B
20240125;101135;56.050000000;100;9463952127;B
20240125;101136;56.050000000;200;9463952224;B
20240125;101136;56.045000000;3600;9463952228;S
20240125;101136;56.045000000;1000;9463952229;S
20240125;101136;56.040000000;200;9463952230;S
20240125;101136;56.040000000;1000;9463952231;S
20240125;101136;56.035000000;200;9463952232;S
20240125;101136;56.035000000;1000;9463952233;S
20240125;101136;56.035000000;4000;9463952234;S
20240125;101136;56.030000000;1900;9463952235;S
20240125;101136;56.030000000;1000;9463952236;S
20240125;101136;56.025000000;1100;9463952237;S
20240125;101137;56.040000000;100;9463952389;S
20240125;101137;56.050000000;1000;9463952418;B
20240125;101140;56.035000000;1000;9463952817;S
20240125;101140;56.025000000;500;9463952818;S
20240125;101153;56.040000000;900;9463954569;S
20240125;101153;56.030000000;1000;9463954570;S
20240125;101153;56.025000000;400;9463954571;S
20240125;101153;56.025000000;1000;9463954572;S
20240125;101153;56.020000000;400;9463954573;S
20240125;101153;56.020000000;1000;9463954574;S
20240125;101153;56.015000000;600;9463954575;S
20240125;101153;56.010000000;5700;9463954576;S
20240125;101200;56.010000000;1000;9463955631;S
20240125;101200;56.005000000;100;9463955632;S
20240125;101200;56.005000000;1000;9463955633;S
20240125;101200;56.005000000;1000;9463955634;S
20240125;101200;56.000000000;200;9463955635;S
20240125;101200;56.000000000;300;9463955636;S
20240125;101200;56.000000000;300;9463955637;S
20240125;101200;56.000000000;700;9463955638;S
20240125;101201;56.035000000;1000;9463955697;B
20240125;101206;56.035000000;100;9463956495;B
20240125;101207;56.035000000;200;9463956540;B
20240125;101213;56.025000000;400;9463957376;S
20240125;101214;56.035000000;1000;9463957469;B
20240125;101227;56.035000000;500;9463959238;B
20240125;101227;56.035000000;200;9463959264;B
20240125;101227;56.045000000;1800;9463959265;B
20240125;101238;56.050000000;1700;9463960861;B
20240125;101245;56.035000000;400;9463961751;S
20240125;101249;56.050000000;7500;9463962233;B
20240125;101249;56.050000000;1000;9463962276;B
20240125;101249;56.045000000;1000;9463962340;S
20240125;101255;56.045000000;100;9463963263;B
20240125;101258;56.035000000;400;9463963868;S
20240125;101258;56.035000000;600;9463963871;S
20240125;101258;56.030000000;1000;9463963872;S
20240125;101259;56.030000000;100;9463963976;B
20240125;101259;56.030000000;1900;9463964039;B
20240125;101259;56.035000000;900;9463964040;B
20240125;101259;56.040000000;2000;9463964041;B
20240125;101259;56.040000000;1400;9463964042;B
20240125;101259;56.040000000;100;9463964043;S
20240125;101300;56.045000000;500;9463964092;B
20240125;101301;56.045000000;100;9463964198;B
20240125;101301;56.045000000;100;9463964203;B
20240125;101305;56.040000000;100;9463964682;S
20240125;101306;56.040000000;400;9463964815;S
20240125;101307;56.045000000;1000;9463964866;B
20240125;101308;56.040000000;100;9463964929;S
20240125;101309;56.040000000;100;9463965185;S
20240125;101310;56.040000000;100;9463965353;S
20240125;101311;56.045000000;200;9463965506;B
20240125;101312;56.040000000;100;9463965634;S
20240125;101312;56.045000000;1000;9463965677;B
20240125;101316;56.040000000;200;9463966246;S
20240125;101326;56.040000000;100;9463967572;S
20240125;101326;56.040000000;300;9463967576;S
20240125;101328;56.040000000;100;9463967764;S
20240125;101330;56.040000000;700;9463968021;S
20240125;101330;56.040000000;300;9463968022;S
20240125;101332;56.040000000;200;9463968297;S
20240125;101336;56.045000000;1000;9463968982;B
20240125;101337;56.040000000;400;9463969103;S
20240125;101339;56.045000000;1700;9463969289;B
20240125;101339;56.040000000;100;9463969290;S
20240125;101342;56.040000000;2000;9463969817;S
20240125;101342;56.040000000;100;9463969824;S
20240125;101346;56.040000000;300;9463970221;S
20240125;101346;56.040000000;200;9463970247;S
20240125;101346;56.030000000;1400;9463970248;S
20240125;101346;56.025000000;1400;9463970249;S
20240125;101346;56.020000000;1000;9463970250;S
20240125;101346;56.020000000;100;9463970251;S
20240125;101346;56.020000000;1400;9463970252;S
20240125;101346;56.015000000;1000;9463970253;S
20240125;101346;56.015000000;2000;9463970254;B
20240125;101346;56.015000000;1000;9463970255;B
20240125;101347;56.005000000;1400;9463970349;S
20240125;101347;56.000000000;100;9463970350;S
20240125;101347;56.000000000;100;9463970351;S
20240125;101347;56.000000000;1400;9463970352;S
20240125;101347;55.995000000;1400;9463970353;S
20240125;101347;55.990000000;300;9463970354;S
20240125;101347;55.975000000;100;9463970355;S
20240125;101347;55.975000000;2200;9463970356;S
20240125;101414;56.000000000;800;9463974468;S
20240125;101419;56.005000000;100;9463975082;S
20240125;101422;56.010000000;300;9463975418;S
20240125;101426;56.015000000;500;9463975989;B
20240125;101426;56.030000000;700;9463975990;B
20240125;101426;56.030000000;800;9463975991;S
20240125;101432;56.035000000;100;9463976680;B
20240125;101432;56.040000000;2400;9463976681;B
20240125;101436;56.015000000;3600;9463977190;S
20240125;101436;56.010000000;1400;9463977191;S
20240125;101439;56.040000000;300;9463977454;B
20240125;101439;56.045000000;700;9463977455;B
20240125;101441;56.025000000;3600;9463977573;S
20240125;101441;56.020000000;1400;9463977574;S
20240125;101452;56.045000000;1000;9463978789;B
20240125;101500;56.045000000;100;9463979886;B
20240125;101503;56.040000000;200;9463980636;B
20240125;101514;56.040000000;100;9463982323;B
20240125;101519;56.030000000;3400;9463983205;S
20240125;101519;56.025000000;5400;9463983206;S
20240125;101519;56.020000000;1200;9463983207;S
20240125;101520;56.045000000;100;9463983287;B
20240125;101522;56.020000000;3800;9463983940;S
20240125;101522;56.015000000;1800;9463983941;S
20240125;101522;56.010000000;2000;9463983942;S
20240125;101522;56.005000000;100;9463983943;S
20240125;101522;56.005000000;2000;9463983944;S
20240125;101522;55.995000000;2000;9463983945;S
20240125;101522;55.990000000;2800;9463983946;S
20240125;101522;55.985000000;1700;9463983947;S
20240125;101524;56.035000000;300;9463984245;B
20240125;101528;56.030000000;1000;9463984992;B
20240125;101530;56.000000000;500;9463985245;B
20240125;101536;56.030000000;100;9463986408;B
20240125;101537;56.030000000;500;9463986532;B
20240125;101537;56.030000000;400;9463986540;S
20240125;101540;56.035000000;100;9463987253;B
20240125;101540;56.040000000;100;9463987254;B
20240125;101554;56.020000000;200;9463989848;S
20240125;101555;56.040000000;100;9463989916;B
20240125;101559;56.040000000;100;9463990681;B
20240125;101600;56.040000000;800;9463990777;B
20240125;101600;56.040000000;100;9463990778;B
20240125;101600;56.040000000;200;9463990779;B
20240125;101600;56.040000000;1400;9463990780;B
20240125;101600;56.045000000;3600;9463990781;B
20240125;101600;56.045000000;100;9463990782;B
20240125;101600;56.045000000;2500;9463990783;B
20240125;101600;56.045000000;100;9463990784;B
20240125;101600;56.045000000;100;9463990785;B
20240125;101600;56.045000000;2000;9463990786;B
20240125;101600;56.045000000;1400;9463990787;B
20240125;101600;56.045000000;1000;9463990788;B
20240125;101600;56.045000000;200;9463990789;B
20240125;101600;56.050000000;12600;9463990790;B
20240125;101600;56.050000000;35700;9463990791;B
20240125;101600;56.050000000;25000;9463990792;B
20240125;101600;56.050000000;3200;9463990793;B
20240125;101600;56.050000000;200;9463990794;B
20240125;101602;56.050000000;1700;9463991166;B
20240125;101605;56.050000000;3000;9463991558;B
20240125;101609;56.050000000;9100;9463992321;B
20240125;101610;56.050000000;3000;9463992398;B
20240125;101610;56.050000000;400;9463992399;B
20240125;101611;56.050000000;2200;9463992534;B
20240125;101612;56.050000000;500;9463992706;B
20240125;101613;56.045000000;100;9463992989;S
20240125;101615;56.045000000;200;9463993339;S
20240125;101616;56.050000000;500;9463993491;B
20240125;101617;56.045000000;700;9463993638;S
20240125;101617;56.045000000;1000;9463993639;S
20240125;101622;56.030000000;1800;9463994581;S
20240125;101623;56.045000000;1300;9463994911;B
20240125;101623;56.050000000;500;9463994912;B
20240125;101625;56.010000000;600;9463995207;S
20240125;101631;56.035000000;100;9463996192;B
20240125;101635;56.010000000;100;9463996719;S
20240125;101635;56.005000000;2400;9463996720;S
20240125;101635;56.005000000;1000;9463996721;S
20240125;101635;56.000000000;500;9463996722;S
20240125;101635;56.000000000;1000;9463996723;S
20240125;101635;56.000000000;2000;9463996724;S
20240125;101635;56.000000000;500;9463996725;S
20240125;101636;56.040000000;500;9463996804;B
20240125;101636;56.040000000;500;9463996805;B
20240125;101636;56.040000000;800;9463996806;B
20240125;101643;56.025000000;1000;9463997861;B
20240125;101646;56.000000000;100;9463998263;S
20240125;101647;56.005000000;1400;9463998430;S
20240125;101647;56.005000000;1400;9463998431;S
20240125;101647;56.005000000;1400;9463998432;S
20240125;101648;56.000000000;500;9463998577;S
20240125;101650;56.005000000;700;9463998832;B
20240125;101650;56.005000000;100;9463998925;B
20240125;101651;56.005000000;200;9463998984;B
20240125;101651;56.005000000;1000;9463998985;B
20240125;101651;56.005000000;1500;9463998986;B
20240125;101651;56.005000000;2300;9463998987;S
20240125;101657;55.980000000;1400;9463999730;S
20240125;101657;55.975000000;100;9463999731;S
20240125;101657;55.975000000;1400;9463999732;S
20240125;101657;55.970000000;1400;9463999733;S
20240125;101657;55.970000000;700;9463999734;S
20240125;101701;56.000000000;100;9464000207;B
20240125;101701;56.000000000;900;9464000208;B
20240125;101706;56.000000000;100;9464000868;B
20240125;101707;56.000000000;100;9464000972;S
20240125;101708;56.005000000;800;9464001060;B
20240125;101708;56.000000000;800;9464001068;S
20240125;101708;55.980000000;1400;9464001069;S
20240125;101710;55.995000000;1000;9464001461;B
20240125;101710;56.000000000;2000;9464001462;B
20240125;101710;56.000000000;700;9464001463;B
20240125;101714;56.000000000;300;9464001912;B
20240125;101730;56.000000000;100;9464004442;B
20240125;101730;56.000000000;300;9464004443;B
20240125;101730;56.000000000;600;9464004444;B
20240125;101734;56.010000000;900;9464004846;B
20240125;101735;56.010000000;1000;9464004985;B
20240125;101740;56.010000000;1000;9464005540;B
20240125;101802;56.010000000;1000;9464008662;B
20240125;101807;56.010000000;100;9464009293;B
20240125;101807;56.010000000;1000;9464009410;B
20240125;101808;56.005000000;600;9464009474;S
20240125;101811;56.005000000;400;9464009889;S
20240125;101811;56.005000000;200;9464009890;S
20240125;101811;56.000000000;200;9464009891;S
20240125;101817;56.000000000;200;9464010730;B
20240125;101832;55.995000000;1000;9464013105;B
20240125;101833;55.985000000;100;9464013381;S
20240125;101833;55.985000000;100;9464013382;S
20240125;101833;55.985000000;100;9464013383;S
20240125;101833;55.985000000;800;9464013384;S
20240125;101833;55.980000000;3600;9464013385;S
20240125;101833;55.980000000;500;9464013386;S
20240125;101833;55.975000000;2000;9464013387;S
20240125;101833;55.970000000;1400;9464013388;S
20240125;101833;55.965000000;2000;9464013389;S
20240125;101833;55.965000000;1400;9464013390;S
20240125;101833;55.960000000;400;9464013391;S
20240125;101833;55.960000000;400;9464013392;S
20240125;101834;55.965000000;2000;9464013479;S
20240125;101834;55.965000000;1000;9464013480;S
20240125;101834;55.960000000;2200;9464013481;S
20240125;101834;55.960000000;1000;9464013482;S
20240125;101834;55.955000000;5000;9464013483;S
20240125;101834;55.955000000;2000;9464013484;S
20240125;101834;55.955000000;1000;9464013485;S
20240125;101834;55.950000000;200;9464013486;S
20240125;101834;55.950000000;1400;9464013487;S
20240125;101834;55.945000000;1000;9464013488;S
20240125;101834;55.945000000;2000;9464013489;S
20240125;101834;55.945000000;1400;9464013490;S
20240125;101834;55.945000000;800;9464013491;S
20240125;101834;55.940000000;100;9464013492;S
20240125;101834;55.940000000;1000;9464013493;S
20240125;101834;55.940000000;1400;9464013494;S
20240125;101834;55.935000000;2000;9464013495;S
20240125;101834;55.930000000;200;9464013496;S
20240125;101834;55.925000000;1000;9464013497;S
20240125;101834;55.925000000;2000;9464013498;S
20240125;101834;55.925000000;100;9464013499;S
20240125;101834;55.920000000;100;9464013500;S
20240125;101834;55.920000000;4700;9464013501;S
20240125;101834;55.915000000;2000;9464013502;S
20240125;101834;55.915000000;300;9464013503;S
20240125;101834;55.915000000;3600;9464013504;S
20240125;101834;55.910000000;1000;9464013505;S
20240125;101834;55.910000000;1000;9464013506;S
20240125;101834;55.910000000;200;9464013507;S
20240125;101834;55.910000000;4400;9464013508;S
20240125;101834;55.910000000;4000;9464013509;S
20240125;101834;55.905000000;2000;9464013510;S
20240125;101834;55.905000000;3000;9464013511;S
20240125;101834;55.900000000;500;9464013512;S
20240125;101834;55.900000000;700;9464013513;S
20240125;101834;55.900000000;5000;9464013514;S
20240125;101834;55.900000000;100;9464013515;S
20240125;101834;55.895000000;2000;9464013516;S
20240125;101834;55.895000000;1000;9464013517;S
20240125;101834;55.890000000;3000;9464013518;S
20240125;101834;55.885000000;3600;9464013519;S
20240125;101834;55.885000000;2000;9464013520;S
20240125;101834;55.880000000;100;9464013521;S
20240125;101834;55.880000000;1000;9464013522;S
20240125;101834;55.880000000;300;9464013523;S
20240125;101834;55.875000000;2000;9464013524;S
20240125;101834;55.875000000;2000;9464013525;S
20240125;101834;55.870000000;8700;9464013526;S
20240125;101834;55.865000000;2000;9464013527;S
20240125;101834;55.865000000;200;9464013528;S
20240125;101834;55.865000000;500;9464013529;S
20240125;101834;55.865000000;200;9464013530;S
20240125;101834;55.870000000;500;9464013531;S
20240125;101834;55.875000000;1000;9464013536;S
20240125;101834;55.890000000;200;9464013569;B
20240125;101834;55.890000000;100;9464013574;S
20240125;101834;55.885000000;100;9464013575;S
20240125;101834;55.900000000;200;9464013596;B
20240125;101835;55.890000000;200;9464013683;B
20240125;101835;55.885000000;1800;9464013708;S
20240125;101835;55.885000000;1400;9464013709;S
20240125;101835;55.880000000;1400;9464013710;S
20240125;101835;55.880000000;1000;9464013711;S
20240125;101835;55.875000000;1400;9464013712;S
20240125;101835;55.875000000;1000;9464013713;S
20240125;101835;55.870000000;1000;9464013714;S
20240125;101835;55.865000000;800;9464013715;S
20240125;101835;55.875000000;1000;9464013727;S
20240125;101835;55.870000000;1400;9464013728;S
20240125;101835;55.870000000;1000;9464013729;S
20240125;101835;55.865000000;1400;9464013730;S
20240125;101835;55.865000000;1000;9464013731;S
20240125;101835;55.860000000;100;9464013732;S
20240125;101835;55.860000000;4100;9464013733;S
20240125;101835;55.870000000;1700;9464013757;S
20240125;101835;55.870000000;2700;9464013758;S
20240125;101835;55.865000000;1400;9464013759;S
20240125;101835;55.865000000;300;9464013760;S
20240125;101835;55.865000000;1100;9464013762;S
20240125;101835;55.860000000;600;9464013763;S
20240125;101835;55.865000000;100;9464013768;S
20240125;101835;55.865000000;1300;9464013784;S
20240125;101835;55.860000000;300;9464013785;S
20240125;101835;55.860000000;400;9464013786;S
20240125;101835;55.865000000;200;9464013831;S
20240125;101835;55.865000000;2600;9464013840;S
20240125;101835;55.855000000;4800;9464013841;S
20240125;101835;55.855000000;500;9464013853;S
20240125;101835;55.855000000;1000;9464013877;S
20240125;101835;55.860000000;100;9464013881;S
20240125;101836;55.880000000;3300;9464013930;S
20240125;101836;55.860000000;1000;9464013931;S
20240125;101836;55.850000000;2000;9464013932;S
20240125;101836;55.850000000;800;9464013933;S
20240125;101836;55.850000000;1400;9464013934;S
20240125;101836;55.850000000;500;9464013935;S
20240125;101836;55.850000000;100;9464013939;S
20240125;101836;55.845000000;9000;9464013940;S
20240125;101836;55.845000000;1500;9464013975;S
20240125;101848;55.875000000;200;9464016332;S
20240125;101848;55.870000000;1400;9464016333;S
20240125;101848;55.865000000;1400;9464016334;S
20240125;101848;55.900000000;100;9464016431;B
20240125;101849;55.900000000;100;9464016498;B
20240125;101850;55.870000000;200;9464016717;S
20240125;101858;55.875000000;600;9464018410;S
20240125;101858;55.865000000;1400;9464018411;S
20240125;101858;55.865000000;1000;9464018412;S
20240125;101858;55.865000000;600;9464018413;S
20240125;101858;55.860000000;100;9464018414;S
20240125;101858;55.860000000;1400;9464018415;S
20240125;101858;55.860000000;1000;9464018416;S
20240125;101858;55.855000000;1000;9464018417;S
20240125;101858;55.855000000;3000;9464018418;S
20240125;101858;55.855000000;1400;9464018419;S
20240125;101858;55.850000000;10000;9464018420;S
20240125;101858;55.850000000;200;9464018421;S
20240125;101858;55.845000000;5400;9464018422;S
20240125;101858;55.845000000;2900;9464018423;S
20240125;101900;55.895000000;400;9464018903;B
20240125;101902;55.885000000;100;9464019261;B
20240125;101905;55.885000000;100;9464019835;B
20240125;101913;55.850000000;600;9464021750;S
20240125;101913;55.850000000;1000;9464021751;S
20240125;101915;55.855000000;200;9464022210;B
20240125;101915;55.860000000;1800;9464022211;B
20240125;101917;55.845000000;3000;9464022494;S
20240125;101919;55.845000000;1500;9464022903;S
20240125;101921;55.845000000;1000;9464023434;S
20240125;101922;55.845000000;3000;9464023679;S
20240125;101923;55.860000000;1400;9464023838;B
20240125;101923;55.865000000;1400;9464023839;B
20240125;101923;55.865000000;2000;9464023840;B
20240125;101923;55.870000000;1400;9464023841;B
20240125;101923;55.870000000;3700;9464023842;B
20240125;101933;55.875000000;2000;9464025588;B
20240125;101939;55.865000000;100;9464026775;S
20240125;101939;55.860000000;100;9464026776;S
20240125;101940;55.860000000;200;9464026923;S
20240125;101942;55.860000000;100;9464027303;S
20240125;101944;55.860000000;700;9464027613;S
20240125;101944;55.845000000;4500;9464027614;S
20240125;101944;55.845000000;1000;9464027615;S
20240125;101944;55.845000000;1000;9464027616;S
20240125;101944;55.845000000;1000;9464027617;S
20240125;101944;55.845000000;100;9464027618;S
20240125;101944;55.845000000;3000;9464027619;S
20240125;101944;55.845000000;100;9464027620;S
20240125;101944;55.840000000;13600;9464027621;S
20240125;101944;55.840000000;300;9464027662;S
20240125;101957;55.840000000;1500;9464030058;S
20240125;101959;55.840000000;400;9464030426;S
20240125;102024;55.850000000;200;9464035085;B
20240125;102024;55.850000000;100;9464035086;B
20240125;102030;55.850000000;700;9464036059;S
20240125;102040;55.855000000;7500;9464037576;B
20240125;102040;55.865000000;1000;9464037577;B
20240125;102040;55.870000000;1000;9464037578;B
20240125;102040;55.870000000;500;9464037579;B
20240125;102042;55.870000000;100;9464037865;B
20240125;102049;55.870000000;7400;9464038878;B
20240125;102050;55.880000000;700;9464039086;S
20240125;102050;55.870000000;300;9464039087;S
20240125;102119;55.885000000;800;9464042932;S
20240125;102124;55.890000000;1000;9464043527;B
20240125;102125;55.890000000;100;9464043740;B
20240125;102129;55.890000000;5500;9464044220;B
20240125;102130;55.890000000;1000;9464044370;B
20240125;102131;55.890000000;100;9464044456;B
20240125;102137;55.890000000;100;9464045357;B
20240125;102140;55.890000000;100;9464045719;B
20240125;102140;55.890000000;2100;9464045750;B
20240125;102140;55.890000000;7500;9464045751;B
20240125;102140;55.900000000;500;9464045752;B
20240125;102140;55.900000000;1000;9464045753;B
20240125;102140;55.905000000;7500;9464045754;B
20240125;102140;55.905000000;400;9464045755;B
20240125;102140;55.910000000;100;9464045756;B
20240125;102140;55.910000000;100;9464045757;B
20240125;102140;55.915000000;1400;9464045758;B
20240125;102140;55.915000000;800;9464045759;B
20240125;102140;55.920000000;1400;9464045760;B
20240125;102140;55.920000000;4400;9464045761;B
20240125;102140;55.925000000;2000;9464045762;B
20240125;102140;55.925000000;800;9464045763;B
20240125;102144;55.920000000;100;9464046173;S
20240125;102150;55.925000000;1000;9464047138;B
20240125;102157;55.925000000;800;9464047853;B
20240125;102158;55.920000000;100;9464047938;S
20240125;102158;55.920000000;100;9464047966;S
20240125;102201;55.925000000;100;9464048176;B
20240125;102204;55.925000000;1000;9464048566;B
20240125;102205;55.925000000;300;9464048736;B
20240125;102205;55.925000000;400;9464048740;B
20240125;102207;55.920000000;100;9464048995;S
20240125;102208;55.920000000;1500;9464049088;S
20240125;102208;55.900000000;3600;9464049089;S
20240125;102208;55.900000000;1000;9464049090;S
20240125;102208;55.900000000;100;9464049091;S
20240125;102208;55.900000000;200;9464049092;S
20240125;102208;55.895000000;1400;9464049093;S
20240125;102208;55.895000000;1000;9464049094;S
20240125;102208;55.890000000;1000;9464049095;S
20240125;102208;55.890000000;1400;9464049096;S
20240125;102208;55.885000000;100;9464049097;S
20240125;102208;55.885000000;100;9464049098;S
20240125;102208;55.885000000;100;9464049099;S
20240125;102208;55.885000000;100;9464049100;S
20240125;102208;55.885000000;100;9464049101;S
20240125;102208;55.885000000;100;9464049102;S
20240125;102208;55.885000000;100;9464049103;S
20240125;102208;55.885000000;100;9464049104;S
20240125;102208;55.885000000;1000;9464049105;S
20240125;102208;55.885000000;1000;9464049106;S
20240125;102209;55.925000000;1000;9464049261;B
20240125;102223;55.920000000;100;9464051203;B
20240125;102224;55.890000000;100;9464051348;S
20240125;102228;55.920000000;1000;9464052028;B
20240125;102233;55.920000000;1000;9464053008;B
20240125;102234;55.920000000;600;9464053076;B
20240125;102238;55.920000000;400;9464053849;B
20240125;102238;55.925000000;600;9464053850;B
20240125;102252;55.905000000;100;9464056167;S
20240125;102253;55.925000000;1000;9464056258;B
20240125;102302;55.925000000;500;9464057801;B
20240125;102302;55.925000000;100;9464057802;B
20240125;102302;55.935000000;400;9464057803;B
20240125;102309;55.940000000;1800;9464059049;B
20240125;102312;55.910000000;500;9464059392;S
20240125;102317;55.910000000;1000;9464060138;S
20240125;102325;55.915000000;100;9464061235;S
20240125;102330;55.930000000;100;9464062158;B
20240125;102345;55.935000000;100;9464064609;B
20240125;102350;55.910000000;500;9464065206;S
20240125;102354;55.905000000;100;9464065627;S
20240125;102354;55.900000000;600;9464065628;S
20240125;102356;55.925000000;1000;9464065838;B
20240125;102404;55.915000000;100;9464067125;B
20240125;102404;55.920000000;100;9464067126;B
20240125;102406;55.900000000;100;9464067425;S
20240125;102406;55.885000000;100;9464067426;S
20240125;102406;55.885000000;100;9464067427;S
20240125;102406;55.885000000;100;9464067428;S
20240125;102406;55.885000000;100;9464067429;S
20240125;102427;55.920000000;100;9464070478;B
20240125;102429;55.900000000;100;9464070877;S
20240125;102429;55.900000000;100;9464070878;S
20240125;102429;55.895000000;1300;9464070879;S
20240125;102442;55.920000000;100;9464072533;B
20240125;102442;55.920000000;100;9464072534;B
20240125;102445;55.920000000;800;9464073358;S
20240125;102445;55.910000000;700;9464073359;S
20240125;102453;55.925000000;1000;9464074324;B
20240125;102457;55.920000000;100;9464075376;S
20240125;102457;55.920000000;300;9464075377;S
20240125;102457;55.920000000;1300;9464075378;S
20240125;102458;55.925000000;1000;9464075497;B
20240125;102503;55.925000000;1000;9464076365;B
20240125;102504;55.905000000;100;9464076429;S
20240125;102507;55.900000000;1000;9464076963;S
20240125;102507;55.900000000;100;9464076964;S
20240125;102507;55.900000000;100;9464076965;S
20240125;102507;55.900000000;4000;9464076966;S
20240125;102507;55.895000000;2000;9464076967;S
20240125;102507;55.895000000;300;9464076968;S
20240125;102507;55.890000000;700;9464076969;S
20240125;102507;55.885000000;100;9464076970;S
20240125;102507;55.885000000;100;9464076971;S
20240125;102507;55.885000000;100;9464076972;S
20240125;102507;55.885000000;100;9464076973;S
20240125;102507;55.885000000;2000;9464076974;S
20240125;102507;55.885000000;200;9464076975;S
20240125;102507;55.885000000;1400;9464076976;S
20240125;102507;55.880000000;200;9464076977;S
20240125;102507;55.880000000;100;9464076978;S
20240125;102507;55.880000000;100;9464076979;S
20240125;102507;55.880000000;1400;9464076980;S
20240125;102507;55.880000000;3600;9464076981;S
20240125;102507;55.875000000;2000;9464076982;S
20240125;102507;55.875000000;400;9464076983;S
20240125;102513;55.915000000;1000;9464077954;B
20240125;102518;55.915000000;300;9464078784;B
20240125;102518;55.915000000;700;9464078785;B
20240125;102522;55.900000000;300;9464079527;S
20240125;102523;55.910000000;1000;9464079639;B
20240125;102528;55.910000000;400;9464080696;B
20240125;102528;55.910000000;600;9464080697;B
20240125;102528;55.910000000;400;9464080699;B
20240125;102528;55.910000000;200;9464080700;B
20240125;102533;55.905000000;1000;9464081432;B
20240125;102537;55.900000000;100;9464081936;S
20240125;102538;55.905000000;1000;9464082051;B
20240125;102543;55.905000000;1000;9464082732;B
20240125;102548;55.910000000;1000;9464083394;B
20240125;102552;55.890000000;2600;9464083934;S
20240125;102558;55.910000000;700;9464084742;B
20240125;102558;55.910000000;300;9464084743;B
20240125;102608;55.920000000;1000;9464086134;B
20240125;102609;55.885000000;100;9464086233;S
20240125;102609;55.885000000;100;9464086234;S
20240125;102613;55.920000000;400;9464086869;B
20240125;102613;55.920000000;600;9464086870;B
20240125;102618;55.915000000;1000;9464087461;B
20240125;102623;55.920000000;1000;9464088201;B
20240125;102624;55.920000000;100;9464088321;B
20240125;102638;55.920000000;700;9464090368;B
20240125;102638;55.920000000;300;9464090369;B
20240125;102641;55.920000000;200;9464090602;B
20240125;102647;55.915000000;200;9464091809;B
20240125;102648;55.915000000;1000;9464092063;B
20240125;102658;55.915000000;200;9464093428;B
20240125;102658;55.915000000;800;9464093429;B
20240125;102700;55.915000000;2800;9464093729;B
20240125;102700;55.915000000;1400;9464093730;B
20240125;102700;55.920000000;3000;9464093731;B
20240125;102700;55.920000000;100;9464093732;B
20240125;102700;55.920000000;1400;9464093733;B
20240125;102700;55.925000000;4500;9464093734;B
20240125;102700;55.925000000;1400;9464093735;B
20240125;102700;55.930000000;2000;9464093736;B
20240125;102700;55.930000000;200;9464093809;S
20240125;102704;55.935000000;200;9464094317;B
20240125;102705;55.930000000;100;9464094542;S
20240125;102708;55.935000000;1000;9464095145;B
20240125;102713;55.940000000;1000;9464095792;B
20240125;102729;55.940000000;1000;9464097837;B
20240125;102730;55.935000000;1000;9464098156;S
20240125;102730;55.930000000;2000;9464098157;S
20240125;102734;55.940000000;1000;9464098724;B
20240125;102739;55.940000000;1000;9464099444;B
20240125;102740;55.940000000;100;9464099629;B
20240125;102746;55.940000000;100;9464100643;B
20240125;102747;55.940000000;1500;9464100758;B
20240125;102747;55.945000000;100;9464100759;B
20240125;102747;55.945000000;1400;9464100760;B
20240125;102800;55.945000000;400;9464102304;B
20240125;102803;55.945000000;400;9464102550;S
20240125;102804;55.945000000;2200;9464102645;S
20240125;102812;55.950000000;1100;9464104009;B
20240125;102812;55.955000000;900;9464104010;B
20240125;102814;55.955000000;1000;9464104208;B
20240125;102815;55.955000000;100;9464104306;B
20240125;102819;55.955000000;400;9464104878;B
20240125;102819;55.955000000;600;9464104879;B
20240125;102824;55.950000000;200;9464105543;B
20240125;102824;55.950000000;100;9464105544;B
20240125;102824;55.950000000;700;9464105545;B
20240125;102827;55.950000000;100;9464105965;B
20240125;102827;55.950000000;100;9464105966;B
20240125;102829;55.955000000;1000;9464106151;B
20240125;102834;55.950000000;100;9464106873;B
20240125;102834;55.955000000;400;9464106874;B
20240125;102834;55.955000000;500;9464106875;B
20240125;102834;55.955000000;100;9464106937;B
20240125;102836;55.950000000;100;9464107121;B
20240125;102836;55.955000000;400;9464107122;B
20240125;102836;55.950000000;100;9464107123;S
20240125;102838;55.950000000;100;9464107318;B
20240125;102838;55.950000000;100;9464107319;B
20240125;102838;55.955000000;400;9464107320;B
20240125;102838;55.955000000;400;9464107321;B
20240125;102842;55.940000000;100;9464107769;S
20240125;102855;55.940000000;100;9464109505;S
20240125;102855;55.935000000;3600;9464109506;S
20240125;102855;55.930000000;200;9464109507;S
20240125;102855;55.930000000;10800;9464109508;S
20240125;102855;55.930000000;100;9464109509;S
20240125;102855;55.930000000;100;9464109510;S
20240125;102855;55.925000000;700;9464109512;S
20240125;102901;55.935000000;100;9464110204;B
20240125;102901;55.935000000;100;9464110231;B
20240125;102901;55.935000000;100;9464110232;B
20240125;102904;55.935000000;1000;9464110638;B
20240125;102904;55.915000000;100;9464110694;S
20240125;102904;55.915000000;100;9464110695;S
20240125;102909;55.915000000;1000;9464111372;B
20240125;102911;55.900000000;200;9464111714;S
20240125;102914;55.910000000;100;9464112114;B
20240125;102914;55.910000000;100;9464112115;B
20240125;102914;55.910000000;800;9464112116;B
20240125;102919;55.910000000;200;9464112767;B
20240125;102919;55.910000000;800;9464112768;S
20240125;102924;55.915000000;1000;9464113472;B
20240125;102927;55.895000000;100;9464113965;S
20240125;102927;55.890000000;100;9464113966;S
20240125;102927;55.885000000;100;9464113967;S
20240125;102927;55.885000000;100;9464113968;S
20240125;102927;55.885000000;100;9464113969;S
20240125;102927;55.885000000;200;9464113970;S
20240125;102927;55.875000000;800;9464113971;S
20240125;102927;55.870000000;1300;9464113972;S
20240125;102927;55.885000000;100;9464113991;S
20240125;102927;55.885000000;100;9464113992;S
20240125;102927;55.885000000;200;9464113993;S
20240125;102927;55.870000000;800;9464113994;S
20240125;102927;55.875000000;1200;9464113995;S
20240125;102927;55.870000000;200;9464113996;S
20240125;102927;55.860000000;100;9464113997;S
20240125;102927;55.870000000;1700;9464113998;S
20240125;102927;55.860000000;600;9464113999;S
20240125;102927;55.860000000;700;9464114000;S
20240125;102927;55.855000000;1400;9464114001;S
20240125;102927;55.855000000;800;9464114002;S
20240125;102927;55.850000000;100;9464114003;S
20240125;102927;55.850000000;1300;9464114004;S
20240125;102927;55.855000000;1400;9464114005;S
20240125;102927;55.850000000;400;9464114006;S
20240125;102927;55.850000000;300;9464114007;S
20240125;102927;55.850000000;2000;9464114008;S
20240125;102927;55.850000000;400;9464114009;S
20240125;102927;55.850000000;100;9464114010;S
20240125;102927;55.850000000;200;9464114011;S
20240125;102927;55.845000000;1000;9464114014;S
20240125;102927;55.845000000;100;9464114015;S
20240125;102927;55.845000000;100;9464114016;S
20240125;102927;55.845000000;400;9464114017;S
20240125;102927;55.845000000;200;9464114018;S
20240125;102927;55.845000000;700;9464114019;S
20240125;102927;55.845000000;700;9464114021;S
20240125;102927;55.845000000;700;9464114022;S
20240125;102927;55.845000000;400;9464114023;S
20240125;102927;55.845000000;500;9464114024;S
20240125;102927;55.845000000;600;9464114025;S
20240125;102927;55.885000000;100;9464114026;S
20240125;102927;55.885000000;200;9464114027;B
20240125;102927;55.850000000;200;9464114029;S
20240125;102927;55.845000000;600;9464114030;S
20240125;102927;55.885000000;500;9464114031;B
20240125;102927;55.855000000;1000;9464114032;S
20240125;102927;55.855000000;1000;9464114033;S
20240125;102927;55.855000000;600;9464114034;S
20240125;102927;55.855000000;1000;9464114035;S
20240125;102927;55.855000000;400;9464114036;S
20240125;102927;55.855000000;3800;9464114037;S
20240125;102927;55.850000000;800;9464114038;S
20240125;102927;55.850000000;1100;9464114042;S
20240125;102927;55.885000000;500;9464114043;B
20240125;102927;55.890000000;600;9464114044;B
20240125;102927;55.890000000;400;9464114045;B
20240125;102927;55.890000000;400;9464114046;B
20240125;102927;55.850000000;700;9464114047;S
20240125;102927;55.850000000;1000;9464114049;S
20240125;102927;55.850000000;800;9464114050;S
20240125;102927;55.850000000;400;9464114051;S
20240125;102927;55.845000000;1800;9464114052;S
20240125;102927;55.850000000;800;9464114053;S
20240125;102927;55.850000000;800;9464114054;S
20240125;102927;55.850000000;400;9464114055;S
20240125;102927;55.850000000;600;9464114056;S
20240125;102927;55.840000000;500;9464114057;S
20240125;102927;55.840000000;200;9464114058;S
20240125;102927;55.840000000;600;9464114059;S
20240125;102927;55.840000000;200;9464114061;S
20240125;102927;55.875000000;400;9464114062;B
20240125;102927;55.840000000;700;9464114063;S
20240125;102927;55.840000000;1100;9464114065;S
20240125;102927;55.840000000;1100;9464114066;S
20240125;102927;55.840000000;2400;9464114067;S
20240125;102927;55.840000000;3400;9464114068;S
20240125;102927;55.840000000;1500;9464114069;S
20240125;102927;55.840000000;2100;9464114070;S
20240125;102927;55.840000000;200;9464114071;S
20240125;102927;55.840000000;700;9464114072;S
20240125;102927;55.840000000;800;9464114073;S
20240125;102927;55.840000000;300;9464114074;S
20240125;102927;55.840000000;300;9464114075;S
20240125;102927;55.840000000;200;9464114076;S
20240125;102927;55.840000000;100;9464114077;S
20240125;102927;55.840000000;500;9464114078;S
20240125;102927;55.840000000;100;9464114079;S
20240125;102927;55.840000000;100;9464114080;S
20240125;102927;55.875000000;100;9464114081;B
20240125;102927;55.840000000;600;9464114082;S
20240125;102927;55.875000000;200;9464114083;B
20240125;102927;55.875000000;200;9464114092;B
20240125;102927;55.875000000;100;9464114097;B
20240125;102927;55.880000000;100;9464114098;B
20240125;102927;55.880000000;200;9464114107;B
20240125;102927;55.880000000;100;9464114114;B
20240125;102928;55.880000000;100;9464114198;B
20240125;102930;55.840000000;1000;9464114463;S
20240125;102930;55.840000000;1600;9464114467;S
20240125;102930;55.840000000;1300;9464114468;S
20240125;102930;55.840000000;500;9464114469;S
20240125;102930;55.840000000;2000;9464114470;S
20240125;102930;55.835000000;1700;9464114471;S
20240125;102930;55.835000000;900;9464114472;S
20240125;102930;55.830000000;100;9464114473;S
20240125;102930;55.830000000;2000;9464114474;S
20240125;102930;55.830000000;900;9464114475;S
20240125;102930;55.830000000;1100;9464114476;S
20240125;102930;55.825000000;600;9464114478;S
20240125;102930;55.825000000;400;9464114479;S
20240125;102930;55.825000000;1600;9464114480;S
20240125;102930;55.825000000;1300;9464114481;S
20240125;102930;55.825000000;600;9464114482;S
20240125;102930;55.825000000;600;9464114483;S
20240125;102930;55.825000000;600;9464114484;S
20240125;102930;55.825000000;600;9464114485;S
20240125;102930;55.825000000;700;9464114487;S
20240125;102930;55.825000000;200;9464114489;S
20240125;102930;55.820000000;800;9464114490;S
20240125;102930;55.820000000;300;9464114491;S
20240125;102930;55.820000000;1800;9464114492;S
20240125;102930;55.820000000;1800;9464114493;S
20240125;102930;55.820000000;1200;9464114494;S
20240125;102930;55.820000000;900;9464114495;S
20240125;102930;55.820000000;4700;9464114496;S
20240125;102930;55.820000000;200;9464114497;S
20240125;102930;55.820000000;1300;9464114498;S
20240125;102930;55.820000000;800;9464114509;S
20240125;102930;55.820000000;1000;9464114510;S
20240125;102930;55.820000000;800;9464114511;S
20240125;102930;55.820000000;300;9464114512;S
20240125;102930;55.820000000;500;9464114513;S
20240125;102930;55.820000000;200;9464114514;S
20240125;102930;55.820000000;600;9464114515;S
20240125;102930;55.820000000;700;9464114516;S
20240125;102930;55.820000000;100;9464114517;S
20240125;102930;55.820000000;1500;9464114518;S
20240125;102930;55.820000000;400;9464114519;S
20240125;102930;55.820000000;700;9464114520;S
20240125;102930;55.820000000;1400;9464114522;S
20240125;102930;55.820000000;800;9464114523;S
20240125;102930;55.820000000;800;9464114524;S
20240125;102930;55.820000000;1300;9464114525;S
20240125;102930;55.820000000;100;9464114526;S
20240125;102930;55.820000000;100;9464114527;S
20240125;102930;55.820000000;800;9464114528;S
20240125;102930;55.820000000;600;9464114529;S
20240125;102930;55.815000000;1000;9464114530;S
20240125;102930;55.815000000;2000;9464114531;S
20240125;102930;55.815000000;1800;9464114533;S
20240125;102930;55.815000000;700;9464114534;S
20240125;102930;55.815000000;1500;9464114535;S
20240125;102930;55.815000000;3000;9464114593;S
20240125;102931;55.830000000;3300;9464114701;S
20240125;102933;55.815000000;5900;9464114958;S
20240125;102933;55.815000000;12900;9464114959;S
20240125;102933;55.815000000;900;9464114960;S
20240125;102933;55.815000000;1000;9464114961;S
20240125;102933;55.815000000;400;9464114962;S
20240125;102933;55.815000000;600;9464114963;S
20240125;102933;55.815000000;200;9464114964;S
20240125;102933;55.815000000;800;9464114965;S
20240125;102933;55.810000000;100;9464114966;S
20240125;102933;55.810000000;800;9464114967;S
20240125;102933;55.810000000;7600;9464114968;S
20240125;102933;55.810000000;1300;9464114969;S
20240125;102933;55.810000000;600;9464114970;S
20240125;102933;55.810000000;900;9464114973;S
20240125;102933;55.810000000;1100;9464114974;S
20240125;102933;55.810000000;600;9464114975;S
20240125;102933;55.810000000;1900;9464114976;S
20240125;102933;55.810000000;900;9464114978;S
20240125;102933;55.810000000;400;9464114979;S
20240125;102933;55.810000000;500;9464114980;S
20240125;102933;55.810000000;100;9464114981;S
20240125;102933;55.810000000;100;9464114982;S
20240125;102933;55.810000000;200;9464114984;S
20240125;102933;55.810000000;1300;9464114985;S
20240125;102933;55.810000000;2600;9464114986;S
20240125;102933;55.810000000;2500;9464114988;S
20240125;102933;55.810000000;600;9464114989;S
20240125;102933;55.810000000;1900;9464114990;S
20240125;102933;55.810000000;800;9464114991;S
20240125;102933;55.805000000;100;9464114992;S
20240125;102933;55.805000000;400;9464114993;S
20240125;102933;55.805000000;200;9464114994;S
20240125;102933;55.805000000;300;9464114995;S
20240125;102933;55.805000000;100;9464114996;S
20240125;102933;55.805000000;800;9464114997;S
20240125;102933;55.805000000;1000;9464114998;S
20240125;102933;55.805000000;900;9464114999;S
20240125;102933;55.805000000;1200;9464115000;S
20240125;102933;55.805000000;200;9464115002;S
20240125;102935;55.810000000;600;9464115427;S
20240125;102935;55.805000000;600;9464115428;S
20240125;102935;55.805000000;300;9464115431;S
20240125;102935;55.805000000;1900;9464115432;S
20240125;102935;55.805000000;800;9464115437;S
20240125;102935;55.805000000;1600;9464115438;S
20240125;102935;55.805000000;1400;9464115439;S
20240125;102935;55.805000000;100;9464115440;S
20240125;102935;55.805000000;700;9464115446;S
20240125;102935;55.805000000;600;9464115447;S
20240125;102935;55.805000000;200;9464115448;S
20240125;102935;55.800000000;600;9464115449;S
20240125;102935;55.800000000;800;9464115450;S
20240125;102935;55.800000000;1100;9464115451;S
20240125;102935;55.800000000;600;9464115452;S
20240125;102935;55.800000000;400;9464115456;S
20240125;102935;55.800000000;1200;9464115457;S
20240125;102935;55.800000000;400;9464115459;S
20240125;102935;55.800000000;2500;9464115460;S
20240125;102935;55.800000000;700;9464115461;S
20240125;102935;55.800000000;900;9464115464;S
20240125;102935;55.800000000;2700;9464115465;S
20240125;102935;55.800000000;500;9464115466;S
20240125;102935;55.800000000;800;9464115467;S
20240125;102935;55.800000000;200;9464115468;S
20240125;102935;55.800000000;700;9464115469;S
20240125;102935;55.800000000;3400;9464115471;S
20240125;102935;55.800000000;500;9464115487;S
20240125;102935;55.800000000;600;9464115488;S
20240125;102935;55.800000000;1500;9464115490;S
20240125;102935;55.800000000;2600;9464115491;S
20240125;102935;55.800000000;2300;9464115495;S
20240125;102935;55.800000000;300;9464115497;S
20240125;102935;55.800000000;500;9464115498;S
20240125;102935;55.800000000;1400;9464115499;S
20240125;102935;55.800000000;200;9464115500;S
20240125;102935;55.800000000;1500;9464115501;S
20240125;102935;55.800000000;600;9464115502;S
20240125;102935;55.800000000;900;9464115503;S
20240125;102935;55.800000000;1100;9464115504;S
20240125;102935;55.800000000;700;9464115505;S
20240125;102935;55.800000000;1200;9464115506;S
20240125;102936;55.800000000;700;9464115507;S
20240125;102936;55.800000000;1400;9464115508;S
20240125;102936;55.800000000;600;9464115509;S
20240125;102936;55.800000000;600;9464115510;S
20240125;102936;55.800000000;2400;9464115511;S
20240125;102936;55.800000000;1500;9464115512;S
20240125;102936;55.800000000;300;9464115513;S
20240125;102936;55.800000000;700;9464115514;S
20240125;102936;55.800000000;600;9464115515;S
20240125;102936;55.800000000;900;9464115519;S
20240125;102936;55.800000000;200;9464115590;S
20240125;102938;55.800000000;6500;9464115922;S
20240125;102938;55.800000000;200;9464115923;S
20240125;102938;55.800000000;2000;9464115924;S
20240125;102938;55.800000000;3100;9464115925;S
20240125;102938;55.800000000;2300;9464115939;S
20240125;102938;55.800000000;600;9464115940;S
20240125;102938;55.800000000;900;9464115941;S
20240125;102938;55.800000000;3800;9464115942;S
20240125;102938;55.800000000;1200;9464115943;S
20240125;102938;55.800000000;900;9464115944;S
20240125;102938;55.800000000;2300;9464115946;S
20240125;102938;55.800000000;1100;9464115947;S
20240125;102938;55.800000000;1000;9464115948;S
20240125;102938;55.800000000;200;9464115949;S
20240125;102938;55.800000000;800;9464115950;S
20240125;102938;55.800000000;900;9464115951;S
20240125;102938;55.800000000;5100;9464115952;S
20240125;102938;55.800000000;1000;9464115953;S
20240125;102938;55.800000000;1000;9464115954;S
20240125;102938;55.800000000;900;9464115955;S
20240125;102938;55.800000000;600;9464115956;S
20240125;102938;55.800000000;1500;9464115957;S
20240125;102938;55.800000000;900;9464115958;S
20240125;102938;55.800000000;200;9464115959;S
20240125;102938;55.800000000;300;9464115960;S
20240125;102938;55.800000000;1100;9464115961;S
20240125;102938;55.800000000;1200;9464115962;S
20240125;102938;55.800000000;800;9464115963;S
20240125;102938;55.800000000;100;9464115964;S
20240125;102938;55.800000000;500;9464115965;S
20240125;102938;55.800000000;1100;9464115974;S
20240125;102938;55.800000000;1800;9464115975;S
20240125;102938;55.800000000;900;9464115976;S
20240125;102938;55.800000000;1500;9464115978;S
20240125;102938;55.800000000;3100;9464115979;S
20240125;102938;55.800000000;2100;9464115980;S
20240125;102941;55.800000000;800;9464116504;S
20240125;102941;55.800000000;2400;9464116505;S
20240125;102941;55.800000000;700;9464116506;S
20240125;102941;55.800000000;100;9464116507;S
20240125;102941;55.800000000;1600;9464116508;S
20240125;102941;55.800000000;3700;9464116509;S
20240125;102941;55.800000000;400;9464116510;S
20240125;102941;55.800000000;100;9464116511;S
20240125;102941;55.800000000;700;9464116512;S
20240125;102941;55.800000000;200;9464116513;S
20240125;102941;55.800000000;800;9464116514;S
20240125;102941;55.800000000;700;9464116515;S
20240125;102941;55.800000000;300;9464116516;S
20240125;102941;55.800000000;1500;9464116517;S
20240125;102941;55.800000000;200;9464116518;S
20240125;102941;55.800000000;100;9464116519;S
20240125;102941;55.800000000;100;9464116520;S
20240125;102941;55.800000000;500;9464116521;S
20240125;102941;55.800000000;500;9464116522;S
20240125;102941;55.795000000;200;9464116523;S
20240125;102941;55.795000000;400;9464116524;S
20240125;102941;55.790000000;800;9464116525;S
20240125;102941;55.790000000;1600;9464116526;S
20240125;102941;55.785000000;200;9464116529;S
20240125;102941;55.785000000;800;9464116530;S
20240125;102941;55.780000000;100;9464116531;S
20240125;102941;55.780000000;500;9464116532;S
20240125;102941;55.780000000;900;9464116533;S
20240125;102941;55.780000000;500;9464116534;S
20240125;102941;55.780000000;600;9464116535;S
20240125;102941;55.775000000;600;9464116536;S
20240125;102941;55.775000000;1000;9464116538;S
20240125;102941;55.775000000;2400;9464116539;S
20240125;102941;55.775000000;800;9464116540;S
20240125;102941;55.775000000;200;9464116541;S
20240125;102941;55.775000000;500;9464116542;S
20240125;102941;55.775000000;200;9464116543;S
20240125;102941;55.775000000;800;9464116544;S
20240125;102941;55.775000000;700;9464116545;S
20240125;102941;55.775000000;1100;9464116546;S
20240125;102941;55.770000000;2000;9464116547;S
20240125;102941;55.770000000;700;9464116548;S
20240125;102941;55.770000000;700;9464116549;S
20240125;102941;55.770000000;200;9464116550;S
20240125;102941;55.770000000;200;9464116551;S
20240125;102941;55.770000000;200;9464116552;S
20240125;102941;55.770000000;100;9464116553;S
20240125;102941;55.770000000;200;9464116554;S
20240125;102941;55.770000000;300;9464116555;S
20240125;102941;55.770000000;700;9464116556;S
20240125;102941;55.770000000;700;9464116557;S
20240125;102941;55.770000000;3800;9464116558;S
20240125;102941;55.765000000;200;9464116559;S
20240125;102941;55.765000000;1200;9464116560;S
20240125;102941;55.765000000;800;9464116561;S
20240125;102941;55.765000000;400;9464116562;S
20240125;102941;55.760000000;500;9464116563;S
20240125;102941;55.760000000;100;9464116564;S
20240125;102941;55.760000000;100;9464116565;S
20240125;102941;55.760000000;100;9464116566;S
20240125;102941;55.760000000;1900;9464116567;S
20240125;102941;55.760000000;200;9464116568;S
20240125;102941;55.765000000;600;9464116570;S
20240125;102941;55.765000000;700;9464116571;S
20240125;102941;55.765000000;700;9464116572;S
20240125;102941;55.765000000;700;9464116573;S
20240125;102941;55.765000000;300;9464116574;S
20240125;102941;55.760000000;800;9464116575;S
20240125;102941;55.760000000;600;9464116576;S
20240125;102941;55.760000000;3400;9464116577;S
20240125;102941;55.760000000;100;9464116578;S
20240125;102941;55.760000000;100;9464116579;S
20240125;102941;55.760000000;800;9464116580;S
20240125;102941;55.760000000;1300;9464116581;S
20240125;102941;55.760000000;1300;9464116582;S
20240125;102941;55.755000000;100;9464116584;S
20240125;102941;55.755000000;1500;9464116585;S
20240125;102941;55.755000000;1200;9464116590;S
20240125;102942;55.770000000;600;9464116655;B
20240125;102944;55.780000000;1500;9464116976;S
20240125;102944;55.780000000;800;9464116977;S
20240125;102944;55.780000000;300;9464116978;S
20240125;102944;55.780000000;700;9464116979;S
20240125;102944;55.770000000;200;9464116980;S
20240125;102944;55.755000000;300;9464116981;S
20240125;102944;55.755000000;1300;9464116982;S
20240125;102944;55.755000000;400;9464116983;S
20240125;102944;55.755000000;300;9464116984;S
20240125;102944;55.755000000;1200;9464116985;S
20240125;102944;55.755000000;600;9464116986;S
20240125;102944;55.755000000;800;9464116987;S
20240125;102944;55.755000000;200;9464116988;S
20240125;102944;55.755000000;2200;9464116992;S
20240125;102944;55.755000000;1400;9464116993;S
20240125;102944;55.755000000;800;9464116994;S
20240125;102944;55.755000000;1400;9464116995;S
20240125;102944;55.755000000;3900;9464116996;S
20240125;102944;55.755000000;1000;9464116997;S
20240125;102944;55.755000000;700;9464116998;S
20240125;102944;55.755000000;600;9464116999;S
20240125;102944;55.750000000;200;9464117000;S
20240125;102944;55.750000000;300;9464117001;S
20240125;102944;55.750000000;200;9464117002;S
20240125;102944;55.750000000;800;9464117003;S
20240125;102944;55.750000000;300;9464117004;S
20240125;102944;55.750000000;1300;9464117005;S
20240125;102944;55.750000000;1400;9464117006;S
20240125;102944;55.750000000;900;9464117007;S
20240125;102944;55.750000000;100;9464117008;S
20240125;102944;55.750000000;500;9464117009;S
20240125;102944;55.750000000;100;9464117010;S
20240125;102944;55.750000000;300;9464117011;S
20240125;102944;55.750000000;1100;9464117012;S
20240125;102944;55.750000000;200;9464117013;S
20240125;102944;55.745000000;700;9464117014;S
20240125;102944;55.745000000;400;9464117015;S
20240125;102944;55.745000000;800;9464117016;S
20240125;102944;55.745000000;500;9464117017;S
20240125;102944;55.745000000;500;9464117018;S
20240125;102944;55.745000000;1100;9464117019;S
20240125;102944;55.745000000;1200;9464117020;S
20240125;102944;55.740000000;1200;9464117021;S
20240125;102944;55.740000000;400;9464117022;S
20240125;102944;55.740000000;1500;9464117023;S
20240125;102944;55.740000000;300;9464117024;S
20240125;102944;55.740000000;200;9464117025;S
20240125;102944;55.740000000;600;9464117026;S
20240125;102944;55.740000000;800;9464117027;S
20240125;102944;55.740000000;1100;9464117028;S
20240125;102944;55.740000000;1000;9464117029;S
20240125;102944;55.735000000;300;9464117030;S
20240125;102944;55.735000000;400;9464117032;S
20240125;102944;55.735000000;2100;9464117033;S
20240125;102944;55.735000000;400;9464117034;S
20240125;102944;55.735000000;600;9464117035;S
20240125;102944;55.735000000;100;9464117036;S
20240125;102944;55.735000000;600;9464117045;S
20240125;102944;55.735000000;3000;9464117046;S
20240125;102944;55.735000000;800;9464117047;S
20240125;102944;55.730000000;100;9464117048;S
20240125;102944;55.730000000;1600;9464117049;S
20240125;102944;55.730000000;400;9464117050;S
20240125;102944;55.730000000;600;9464117051;S
20240125;102944;55.730000000;700;9464117052;S
20240125;102944;55.730000000;1700;9464117053;S
20240125;102944;55.730000000;200;9464117054;S
20240125;102944;55.730000000;200;9464117055;S
20240125;102944;55.730000000;900;9464117056;S
20240125;102944;55.750000000;200;9464117061;S
20240125;102945;55.740000000;100;9464117153;S
20240125;102945;55.740000000;300;9464117154;S
20240125;102947;55.740000000;700;9464117481;S
20240125;102947;55.740000000;400;9464117482;S
20240125;102947;55.735000000;300;9464117483;S
20240125;102947;55.735000000;1000;9464117484;S
20240125;102947;55.735000000;800;9464117485;S
20240125;102947;55.735000000;100;9464117486;S
20240125;102947;55.735000000;1600;9464117487;S
20240125;102947;55.735000000;700;9464117489;S
20240125;102947;55.735000000;900;9464117490;S
20240125;102947;55.735000000;500;9464117491;S
20240125;102947;55.735000000;2200;9464117492;S
20240125;102947;55.735000000;600;9464117493;S
20240125;102947;55.735000000;400;9464117494;S
20240125;102947;55.730000000;100;9464117495;S
20240125;102947;55.730000000;1400;9464117496;S
20240125;102947;55.730000000;3200;9464117497;S
20240125;102947;55.730000000;100;9464117498;S
20240125;102947;55.725000000;1500;9464117499;S
20240125;102947;55.725000000;800;9464117500;S
20240125;102947;55.725000000;800;9464117501;S
20240125;102947;55.725000000;4900;9464117503;S
20240125;102947;55.725000000;700;9464117504;S
20240125;102947;55.725000000;1300;9464117505;S
20240125;102947;55.725000000;900;9464117506;S
20240125;102947;55.725000000;700;9464117507;S
20240125;102947;55.725000000;600;9464117508;S
20240125;102947;55.725000000;800;9464117509;S
20240125;102947;55.725000000;200;9464117510;S
20240125;102947;55.725000000;1000;9464117511;S
20240125;102947;55.725000000;600;9464117512;S
20240125;102947;55.725000000;1200;9464117513;S
20240125;102947;55.725000000;1100;9464117515;S
20240125;102947;55.725000000;800;9464117516;S
20240125;102947;55.725000000;300;9464117517;S
20240125;102947;55.725000000;700;9464117518;S
20240125;102947;55.725000000;1100;9464117519;S
20240125;102947;55.725000000;200;9464117520;S
20240125;102947;55.725000000;200;9464117521;S
20240125;102947;55.725000000;400;9464117522;S
20240125;102947;55.725000000;1200;9464117523;S
20240125;102947;55.725000000;1000;9464117525;S
20240125;102947;55.725000000;600;9464117527;S
20240125;102947;55.720000000;500;9464117528;S
20240125;102947;55.720000000;100;9464117529;S
20240125;102947;55.720000000;1600;9464117531;S
20240125;102947;55.720000000;300;9464117532;S
20240125;102947;55.720000000;1000;9464117533;S
20240125;102947;55.720000000;100;9464117534;S
20240125;102947;55.720000000;100;9464117535;S
20240125;102947;55.720000000;2200;9464117536;S
20240125;102947;55.720000000;1800;9464117537;S
20240125;102947;55.715000000;200;9464117539;S
20240125;102947;55.715000000;1400;9464117540;S
20240125;102947;55.715000000;900;9464117545;S
20240125;102947;55.715000000;1400;9464117546;S
20240125;102947;55.715000000;200;9464117547;S
20240125;102947;55.715000000;1200;9464117548;S
20240125;102947;55.715000000;400;9464117549;S
20240125;102947;55.715000000;1200;9464117550;S
20240125;102947;55.715000000;1500;9464117551;S
20240125;102949;55.720000000;2300;9464117936;S
20240125;102949;55.715000000;600;9464117937;S
20240125;102949;55.715000000;500;9464117938;S
20240125;102949;55.715000000;400;9464117940;S
20240125;102949;55.715000000;400;9464117941;S
20240125;102949;55.715000000;400;9464117942;S
20240125;102949;55.715000000;500;9464117943;S
20240125;102949;55.715000000;600;9464117944;S
20240125;102949;55.715000000;400;9464117945;S
20240125;102949;55.715000000;400;9464117949;S
20240125;102949;55.715000000;500;9464117950;S
20240125;102949;55.715000000;700;9464117951;S
20240125;102949;55.715000000;500;9464117952;S
20240125;102949;55.715000000;700;9464117954;S
20240125;102949;55.715000000;600;9464117955;S
20240125;102949;55.715000000;400;9464117956;S
20240125;102949;55.715000000;400;9464117957;S
20240125;102949;55.715000000;400;9464117958;S
20240125;102949;55.715000000;400;9464117959;S
20240125;102949;55.715000000;600;9464117960;S
20240125;102949;55.715000000;600;9464117961;S
20240125;102949;55.715000000;600;9464117962;S
20240125;102949;55.715000000;200;9464117963;S
20240125;102949;55.715000000;1400;9464117964;S
20240125;102949;55.715000000;300;9464117965;S
20240125;102949;55.715000000;400;9464117966;S
20240125;102949;55.715000000;1700;9464117967;S
20240125;102949;55.715000000;400;9464117968;S
20240125;102949;55.715000000;1100;9464117969;S
20240125;102949;55.715000000;700;9464117970;S
20240125;102949;55.715000000;500;9464117971;S
20240125;102949;55.715000000;500;9464117972;S
20240125;102949;55.715000000;400;9464117973;S
20240125;102949;55.715000000;300;9464117974;S
20240125;102949;55.715000000;400;9464117976;S
20240125;102949;55.715000000;500;9464117977;S
20240125;102949;55.715000000;500;9464117980;S
20240125;102950;55.750000000;100;9464118151;B
20240125;102950;55.750000000;100;9464118152;B
20240125;102950;55.750000000;100;9464118268;B
20240125;103000;55.770000000;1400;9464120242;B
20240125;103000;55.770000000;1000;9464120243;B
20240125;103000;55.775000000;1000;9464120244;B
20240125;103000;55.775000000;1400;9464120245;B
20240125;103000;55.780000000;1000;9464120246;B
20240125;103000;55.780000000;1400;9464120247;B
20240125;103000;55.780000000;100;9464120248;B
20240125;103000;55.785000000;1000;9464120249;B
20240125;103000;55.785000000;1700;9464120250;B
20240125;103001;55.755000000;100;9464120393;S
20240125;103001;55.755000000;100;9464120395;S
20240125;103003;55.785000000;900;9464120718;B
20240125;103013;55.795000000;500;9464122372;S
20240125;103013;55.770000000;100;9464122373;S
20240125;103013;55.765000000;200;9464122374;S
20240125;103013;55.765000000;100;9464122375;S
20240125;103021;55.805000000;1000;9464123677;B
20240125;103026;55.815000000;100;9464124312;B
20240125;103026;55.815000000;1000;9464124329;B
20240125;103033;55.815000000;300;9464125332;B
20240125;103033;55.820000000;200;9464125333;B
20240125;103033;55.820000000;1400;9464125334;B
20240125;103035;55.825000000;100;9464125672;B
20240125;103037;55.825000000;1000;9464125920;B
20240125;103041;55.820000000;100;9464126667;S
20240125;103047;55.825000000;300;9464127618;B
20240125;103047;55.825000000;700;9464127619;B
20240125;103052;55.825000000;1000;9464128281;B
20240125;103057;55.825000000;1000;9464128885;B
20240125;103102;55.825000000;1700;9464129574;B
20240125;103102;55.825000000;300;9464129575;B
20240125;103104;55.820000000;200;9464129917;B
20240125;103104;55.825000000;800;9464129918;B
20240125;103105;55.825000000;100;9464130006;B
20240125;103107;55.825000000;200;9464130337;B
20240125;103107;55.830000000;800;9464130338;B
20240125;103112;55.825000000;1000;9464131108;B
20240125;103117;55.830000000;1000;9464131910;B
20240125;103122;55.825000000;1000;9464132577;B
20240125;103127;55.820000000;1000;9464133551;B
20240125;103129;55.805000000;200;9464133958;S
20240125;103129;55.805000000;800;9464133959;S
20240125;103131;55.820000000;400;9464134335;B
20240125;103132;55.820000000;1000;9464134542;B
20240125;103137;55.825000000;1000;9464135220;B
20240125;103140;55.825000000;3000;9464135843;B
20240125;103141;55.825000000;1000;9464135963;S
20240125;103141;55.800000000;100;9464135964;S
20240125;103142;55.800000000;1000;9464136158;B
20240125;103143;55.795000000;100;9464136341;B
20240125;103143;55.800000000;100;9464136342;B
20240125;103152;55.790000000;100;9464137633;S
20240125;103152;55.795000000;100;9464137645;B
20240125;103152;55.795000000;900;9464137646;B
20240125;103155;55.795000000;100;9464138017;B
20240125;103157;55.795000000;1000;9464138282;B
20240125;103158;55.795000000;700;9464138404;B
20240125;103159;55.795000000;200;9464138465;B
20240125;103159;55.795000000;2100;9464138515;B
20240125;103159;55.800000000;7900;9464138516;B
20240125;103201;55.800000000;3600;9464138680;B
20240125;103202;55.800000000;1000;9464138820;B
20240125;103207;55.800000000;1000;9464139535;B
20240125;103212;55.800000000;1000;9464140232;B
20240125;103213;55.800000000;10000;9464140307;B
20240125;103215;55.795000000;100;9464140586;S
20240125;103215;55.790000000;100;9464140587;S
20240125;103217;55.800000000;1000;9464140870;B
20240125;103218;55.800000000;100;9464140929;B
20240125;103222;55.795000000;1000;9464141655;B
20240125;103227;55.795000000;400;9464142272;B
20240125;103227;55.795000000;600;9464142273;B
20240125;103229;55.790000000;600;9464142586;S
20240125;103232;55.795000000;1000;9464143003;B
20240125;103234;55.795000000;100;9464143342;B
20240125;103234;55.795000000;900;9464143343;B
20240125;103234;55.795000000;1400;9464143344;B
20240125;103234;55.795000000;500;9464143345;B
20240125;103238;55.795000000;1000;9464143938;B
20240125;103245;55.790000000;200;9464144748;S
20240125;103245;55.790000000;200;9464144749;S
20240125;103248;55.795000000;100;9464145229;B
20240125;103249;55.795000000;400;9464145649;B
20240125;103249;55.795000000;100;9464145650;B
20240125;103253;55.795000000;1000;9464146169;B
20240125;103256;55.795000000;100;9464146755;B
20240125;103258;55.795000000;100;9464147183;B
20240125;103258;55.795000000;100;9464147278;B
20240125;103258;55.795000000;300;9464147279;B
20240125;103258;55.795000000;1400;9464147280;B
20240125;103303;55.800000000;500;9464148109;B
20240125;103303;55.800000000;100;9464148110;B
20240125;103305;55.825000000;1000;9464148955;B
20240125;103308;55.830000000;1000;9464149438;B
20240125;103313;55.830000000;400;9464150479;B
20240125;103313;55.835000000;600;9464150480;B
20240125;103317;55.830000000;100;9464151096;B
20240125;103317;55.835000000;800;9464151097;B
20240125;103320;55.825000000;100;9464151605;S
20240125;103321;55.830000000;200;9464152063;B
20240125;103321;55.835000000;600;9464152064;B
20240125;103321;55.835000000;200;9464152065;B
20240125;103323;55.835000000;1000;9464152246;B
20240125;103325;55.825000000;200;9464152822;S
20240125;103327;55.835000000;1500;9464153841;B
20240125;103328;55.835000000;500;9464153933;B
20240125;103328;55.835000000;100;9464153934;B
20240125;103328;55.840000000;200;9464153935;B
20240125;103328;55.840000000;200;9464153936;B
20240125;103329;55.840000000;500;9464154191;S
20240125;103329;55.840000000;1000;9464154192;S
20240125;103329;55.840000000;800;9464154193;S
20240125;103333;55.845000000;1000;9464155092;B
20240125;103333;55.840000000;200;9464155159;S
20240125;103338;55.830000000;1000;9464155755;B
20240125;103348;55.830000000;400;9464157168;B
20240125;103348;55.835000000;600;9464157169;B
20240125;103353;55.835000000;1000;9464157820;B
20240125;103400;55.815000000;100;9464158659;S
20240125;103410;55.820000000;100;9464160174;B
20240125;103411;55.830000000;100;9464160314;B
20240125;103413;55.830000000;100;9464160597;B
20240125;103413;55.830000000;900;9464160598;B
20240125;103415;55.825000000;500;9464160898;S
20240125;103418;55.830000000;900;9464161806;B
20240125;103418;55.830000000;100;9464161807;B
20240125;103423;55.835000000;1000;9464162958;B
20240125;103428;55.835000000;1000;9464163872;B
20240125;103429;55.835000000;1000;9464163992;B
20240125;103429;55.835000000;100;9464163993;B
20240125;103429;55.835000000;1400;9464163994;B
20240125;103429;55.840000000;1400;9464163995;B
20240125;103429;55.840000000;4400;9464163996;B
20240125;103429;55.845000000;1000;9464163997;B
20240125;103429;55.845000000;2000;9464163998;B
20240125;103429;55.845000000;1600;9464163999;B
20240125;103429;55.845000000;1400;9464164000;B
20240125;103429;55.850000000;9400;9464164001;B
20240125;103429;55.850000000;100;9464164002;B
20240125;103429;55.855000000;400;9464164003;B
20240125;103431;55.855000000;100;9464164316;B
20240125;103431;55.850000000;500;9464164349;S
20240125;103433;55.855000000;1000;9464164788;B
20240125;103438;55.855000000;1000;9464165464;B
20240125;103442;55.855000000;500;9464166020;B
20240125;103443;55.855000000;1000;9464166358;B
20240125;103445;55.855000000;200;9464166513;B
20240125;103448;55.855000000;1000;9464167340;B
20240125;103453;55.855000000;1000;9464168418;B
20240125;103455;55.850000000;2200;9464168635;S
20240125;103458;55.855000000;1000;9464169209;B
20240125;103503;55.855000000;1000;9464170029;B
20240125;103503;55.850000000;300;9464170034;S
20240125;103508;55.855000000;1000;9464171189;B
20240125;103509;55.850000000;100;9464171274;S
20240125;103509;55.850000000;100;9464171311;S
20240125;103509;55.850000000;100;9464171323;S
20240125;103509;55.850000000;100;9464171359;S
20240125;103509;55.850000000;100;9464171395;S
20240125;103509;55.850000000;100;9464171429;S
20240125;103509;55.850000000;100;9464171430;S
20240125;103510;55.850000000;100;9464171450;S
20240125;103510;55.850000000;100;9464171468;S
20240125;103510;55.850000000;100;9464171476;S
20240125;103510;55.850000000;100;9464171519;S
20240125;103510;55.850000000;100;9464171535;S
20240125;103510;55.850000000;100;9464171539;S
20240125;103510;55.850000000;100;9464171547;S
20240125;103510;55.850000000;100;9464171553;S
20240125;103510;55.850000000;100;9464171555;S
20240125;103510;55.850000000;100;9464171556;S
20240125;103510;55.850000000;100;9464171558;S
20240125;103510;55.850000000;100;9464171577;S
20240125;103511;55.850000000;100;9464171587;S
20240125;103511;55.850000000;100;9464171590;S
20240125;103511;55.850000000;100;9464171593;S
20240125;103511;55.850000000;100;9464171594;S
20240125;103511;55.850000000;100;9464171596;S
20240125;103511;55.850000000;100;9464171602;S
20240125;103511;55.850000000;100;9464171603;S
20240125;103511;55.850000000;100;9464171606;S
20240125;103511;55.850000000;100;9464171608;S
20240125;103511;55.850000000;100;9464171617;S
20240125;103511;55.850000000;100;9464171660;S
20240125;103511;55.850000000;100;9464171672;S
20240125;103511;55.850000000;100;9464171702;S
20240125;103511;55.850000000;100;9464171735;S
20240125;103511;55.850000000;100;9464171737;S
20240125;103511;55.850000000;100;9464171759;S
20240125;103511;55.850000000;100;9464171763;S
20240125;103511;55.850000000;100;9464171788;S
20240125;103511;55.850000000;100;9464171790;S
20240125;103512;55.850000000;100;9464171864;S
20240125;103512;55.850000000;100;9464171875;S
20240125;103512;55.850000000;100;9464171882;S
20240125;103512;55.850000000;100;9464171884;S
20240125;103512;55.850000000;100;9464171900;S
20240125;103512;55.850000000;100;9464171902;S
20240125;103512;55.850000000;100;9464171916;S
20240125;103512;55.850000000;100;9464171932;S
20240125;103512;55.850000000;100;9464171947;S
20240125;103512;55.850000000;100;9464171965;S
20240125;103512;55.850000000;100;9464171981;S
20240125;103512;55.850000000;100;9464172000;S
20240125;103512;55.850000000;100;9464172001;S
20240125;103512;55.850000000;100;9464172019;S
20240125;103514;55.855000000;1000;9464172271;B
20240125;103518;55.850000000;100;9464173436;S
20240125;103518;55.850000000;3200;9464173437;S
20240125;103519;55.855000000;1000;9464173464;B
20240125;103523;55.850000000;200;9464174336;S
20240125;103524;55.855000000;1000;9464174433;B
20240125;103529;55.855000000;1000;9464175105;B
20240125;103529;55.855000000;100;9464175152;B
20240125;103532;55.850000000;8000;9464175649;S
20240125;103532;55.850000000;4100;9464175653;S
20240125;103533;55.850000000;100;9464175731;S
20240125;103534;55.855000000;1000;9464175866;B
20240125;103535;55.850000000;300;9464176082;S
20240125;103537;55.850000000;100;9464176340;S
20240125;103539;55.855000000;1000;9464176662;B
20240125;103543;55.850000000;1900;9464177318;S
20240125;103543;55.850000000;400;9464177319;S
20240125;103543;55.850000000;1000;9464177320;S
20240125;103543;55.850000000;1000;9464177321;S
20240125;103543;55.850000000;200;9464177322;S
20240125;103543;55.850000000;200;9464177323;S
20240125;103543;55.850000000;300;9464177357;S
20240125;103543;55.850000000;100;9464177428;S
20240125;103544;55.855000000;900;9464177551;B
20240125;103544;55.855000000;100;9464177552;B
20240125;103546;55.850000000;100;9464178003;S
20240125;103549;55.855000000;1000;9464178556;B
20240125;103551;55.850000000;100;9464178930;S
20240125;103552;55.850000000;100;9464179118;S
20240125;103552;55.850000000;900;9464179119;S
20240125;103554;55.835000000;100;9464179320;B
20240125;103554;55.835000000;1000;9464179322;B
20240125;103559;55.835000000;1000;9464180214;B
20240125;103600;55.830000000;100;9464180475;S
20240125;103602;55.825000000;100;9464180859;S
20240125;103604;55.820000000;1000;9464181143;B
20240125;103609;55.820000000;1000;9464182060;B
20240125;103609;55.815000000;1000;9464182095;B
20240125;103610;55.805000000;100;9464182231;S
20240125;103612;55.805000000;200;9464182591;S
20240125;103612;55.815000000;100;9464182640;B
20240125;103614;55.805000000;800;9464182845;S
20240125;103614;55.795000000;200;9464182846;S
20240125;103614;55.795000000;100;9464182847;S
20240125;103614;55.795000000;2000;9464182848;S
20240125;103614;55.815000000;1000;9464182901;B
20240125;103619;55.815000000;1000;9464183840;B
20240125;103619;55.815000000;100;9464183851;B
20240125;103624;55.810000000;1000;9464184872;B
20240125;103624;55.795000000;400;9464184935;S
20240125;103626;55.800000000;1000;9464185209;B
20240125;103626;55.800000000;400;9464185210;B
20240125;103626;55.800000000;600;9464185211;B
20240125;103626;55.800000000;400;9464185212;B
20240125;103626;55.800000000;600;9464185213;B
20240125;103626;55.800000000;800;9464185214;B
20240125;103626;55.800000000;200;9464185215;B
20240125;103626;55.800000000;800;9464185219;B
20240125;103626;55.800000000;1200;9464185220;B
20240125;103626;55.800000000;200;9464185221;B
20240125;103626;55.800000000;800;9464185222;B
20240125;103626;55.800000000;200;9464185223;B
20240125;103626;55.800000000;800;9464185224;B
20240125;103636;55.800000000;600;9464187814;B
20240125;103636;55.800000000;400;9464187815;B
20240125;103636;55.795000000;100;9464187817;S
20240125;103637;55.795000000;700;9464187838;S
20240125;103637;55.790000000;500;9464187839;S
20240125;103642;55.800000000;600;9464189113;B
20240125;103642;55.800000000;400;9464189114;B
20240125;103645;55.800000000;1000;9464190121;B
20240125;103647;55.800000000;1000;9464190358;B
20240125;103652;55.800000000;1000;9464191416;B
20240125;103657;55.800000000;1000;9464192380;B
20240125;103700;55.790000000;3500;9464193115;S
20240125;103700;55.785000000;2000;9464193116;S
20240125;103700;55.785000000;2000;9464193117;B
20240125;103702;55.795000000;1000;9464193574;B
20240125;103704;55.800000000;100;9464194052;B
20240125;103706;55.795000000;1200;9464194445;B
20240125;103706;55.795000000;800;9464194446;B
20240125;103707;55.795000000;200;9464194583;B
20240125;103707;55.795000000;600;9464194584;B
20240125;103707;55.800000000;200;9464194585;B
20240125;103712;55.795000000;300;9464195707;B
20240125;103712;55.795000000;700;9464195708;B
20240125;103715;55.795000000;300;9464196637;B
20240125;103717;55.800000000;1000;9464196866;B
20240125;103722;55.800000000;1000;9464198011;B
20240125;103727;55.800000000;1000;9464199063;B
20240125;103732;55.790000000;200;9464200115;S
20240125;103736;55.785000000;600;9464200823;S
20240125;103740;55.800000000;1000;9464201538;B
20240125;103743;55.800000000;1000;9464202109;B
20240125;103755;55.800000000;500;9464203925;B
20240125;103758;55.800000000;800;9464204396;B
20240125;103800;55.800000000;1000;9464205010;B
20240125;103800;55.800000000;200;9464205011;B
20240125;103800;55.800000000;1400;9464205012;B
20240125;103800;55.805000000;1400;9464205013;B
20240125;103806;55.805000000;1100;9464206250;B
20240125;103819;55.795000000;1000;9464209901;S
20240125;103826;55.800000000;200;9464211574;B
20240125;103826;55.800000000;800;9464211575;B
20240125;103826;55.800000000;200;9464211576;B
20240125;103826;55.800000000;800;9464211577;B
20240125;103826;55.800000000;2200;9464211578;B
20240125;103826;55.805000000;800;9464211579;B
20240125;103841;55.790000000;800;9464214361;S
20240125;103841;55.785000000;3400;9464214362;S
20240125;103841;55.785000000;200;9464214363;S
20240125;103841;55.780000000;1300;9464214364;S
20240125;103841;55.780000000;300;9464214365;S
20240125;103842;55.780000000;900;9464214686;S
20240125;103847;55.795000000;3000;9464215907;B
20240125;103847;55.795000000;1400;9464215908;B
20240125;103847;55.800000000;600;9464215909;B
20240125;103852;55.800000000;1000;9464216704;B
20240125;103852;55.805000000;100;9464216705;B
20240125;103852;55.805000000;1000;9464216706;B
20240125;103852;55.805000000;1900;9464216707;B
20240125;103856;55.795000000;1000;9464217307;S
20240125;103901;55.780000000;100;9464218408;S
20240125;103912;55.800000000;3000;9464221384;B
20240125;103912;55.800000000;600;9464221385;B
20240125;103912;55.800000000;1000;9464221386;B
20240125;103912;55.805000000;400;9464221387;B
20240125;103926;55.815000000;200;9464223951;B
20240125;103926;55.820000000;2800;9464223952;B
20240125;103931;55.815000000;200;9464225676;S
20240125;103932;55.820000000;1500;9464225852;B
20240125;103939;55.820000000;3000;9464227382;B
20240125;103943;55.820000000;200;9464228156;B
20240125;103943;55.825000000;400;9464228157;B
20240125;103943;55.825000000;1600;9464228158;B
20240125;103943;55.825000000;300;9464228159;B
20240125;103943;55.830000000;100;9464228160;B
20240125;103943;55.830000000;300;9464228161;B
20240125;103943;55.830000000;400;9464228162;B
20240125;103943;55.830000000;300;9464228163;B
20240125;103944;55.830000000;2000;9464228328;B
20240125;103950;55.835000000;100;9464229560;B
20240125;103957;55.830000000;2400;9464230844;S
20240125;103957;55.825000000;100;9464230845;S
20240125;104009;55.830000000;500;9464233217;B
20240125;104009;55.835000000;500;9464233218;B
20240125;104013;55.825000000;100;9464234237;S
20240125;104016;55.835000000;100;9464235027;B
20240125;104018;55.835000000;1000;9464235457;B
20240125;104020;55.830000000;100;9464235794;S
20240125;104022;55.835000000;300;9464236292;B
20240125;104022;55.830000000;3500;9464236382;S
20240125;104022;55.830000000;1000;9464236383;S
20240125;104022;55.830000000;3000;9464236384;S
20240125;104022;55.825000000;800;9464236385;S
20240125;104022;55.825000000;3000;9464236386;S
20240125;104022;55.825000000;5000;9464236387;S
20240125;104022;55.825000000;5000;9464236388;S
20240125;104022;55.825000000;100;9464236389;S
20240125;104024;55.830000000;100;9464236798;B
20240125;104024;55.830000000;1000;9464236799;B
20240125;104025;55.835000000;3000;9464236819;B
20240125;104029;55.835000000;100;9464237752;B
20240125;104029;55.830000000;900;9464237825;S
20240125;104029;55.800000000;700;9464237826;S
20240125;104030;55.820000000;3600;9464237956;B
20240125;104030;55.820000000;1000;9464237957;B
20240125;104030;55.825000000;2000;9464237958;B
20240125;104030;55.825000000;1000;9464237959;B
20240125;104030;55.830000000;4400;9464237960;B
20240125;104030;55.830000000;100;9464237961;B
20240125;104030;55.830000000;1000;9464237962;B
20240125;104030;55.830000000;2900;9464237963;B
20240125;104037;55.820000000;1000;9464239372;B
20240125;104038;55.820000000;100;9464239408;B
20240125;104038;55.815000000;100;9464239473;S
20240125;104046;55.815000000;100;9464240842;S
20240125;104057;55.815000000;100;9464242876;S
20240125;104058;55.820000000;100;9464243023;B
20240125;104058;55.820000000;100;9464243024;B
20240125;104058;55.820000000;800;9464243025;B
20240125;104058;55.820000000;2000;9464243026;B
20240125;104059;55.825000000;600;9464243192;B
20240125;104126;55.815000000;100;9464248890;S
20240125;104126;55.820000000;100;9464248986;B
20240125;104126;55.820000000;100;9464248988;B
20240125;104132;55.825000000;1000;9464250299;B
20240125;104132;55.825000000;400;9464250300;B
20240125;104132;55.825000000;600;9464250301;B
20240125;104138;55.825000000;1000;9464251590;S
20240125;104138;55.825000000;3600;9464251591;S
20240125;104138;55.825000000;1000;9464251592;S
20240125;104138;55.825000000;900;9464251593;S
20240125;104140;55.830000000;200;9464251988;B
20240125;104141;55.830000000;400;9464252144;B
20240125;104145;55.825000000;1700;9464253355;S
20240125;104149;55.825000000;100;9464254968;S
20240125;104153;55.825000000;200;9464255513;S
20240125;104200;55.830000000;1000;9464256796;B
20240125;104216;55.830000000;100;9464260611;B
20240125;104218;55.830000000;1000;9464261172;B
20240125;104218;55.830000000;1000;9464261173;B
20240125;104221;55.825000000;200;9464262308;S
20240125;104222;55.830000000;100;9464262385;B
20240125;104227;55.830000000;2000;9464263427;B
20240125;104232;55.825000000;1600;9464264596;S
20240125;104233;55.830000000;100;9464264951;B
20240125;104238;55.825000000;100;9464266269;S
20240125;104241;55.830000000;2000;9464267004;B
20240125;104244;55.830000000;1000;9464267574;B
20240125;104248;55.830000000;200;9464268535;B
20240125;104248;55.830000000;1400;9464268536;B
20240125;104248;55.830000000;1400;9464268537;B
20240125;104249;55.830000000;2000;9464268682;B
20240125;104249;55.830000000;1000;9464268767;B
20240125;104252;55.825000000;100;9464269519;S
20240125;104257;55.825000000;100;9464270331;S
20240125;104303;55.825000000;500;9464271419;S
20240125;104309;55.830000000;400;9464272708;B
20240125;104309;55.830000000;600;9464272709;B
20240125;104313;55.830000000;1000;9464273483;B
20240125;104313;55.830000000;1000;9464273484;B
20240125;104314;55.830000000;1800;9464273622;B
20240125;104314;55.830000000;1400;9464273623;B
20240125;104314;55.835000000;800;9464273624;B
20240125;104314;55.825000000;4500;9464273625;S
20240125;104314;55.825000000;3000;9464273626;S
20240125;104314;55.825000000;2000;9464273627;S
20240125;104314;55.825000000;200;9464273628;S
20240125;104314;55.825000000;3000;9464273629;S
20240125;104314;55.825000000;2100;9464273630;S
20240125;104314;55.825000000;600;9464273779;S
20240125;104315;55.830000000;600;9464273952;B
20240125;104315;55.825000000;1300;9464273953;S
20240125;104315;55.825000000;1000;9464273954;S
20240125;104315;55.825000000;1700;9464273955;S
20240125;104316;55.825000000;500;9464274092;S
20240125;104318;55.825000000;800;9464274357;S
20240125;104318;55.825000000;1900;9464274358;S
20240125;104320;55.825000000;1100;9464275689;S
20240125;104320;55.825000000;1800;9464275690;S
20240125;104320;55.825000000;2100;9464275736;S
20240125;104321;55.805000000;3600;9464277121;S
20240125;104328;55.815000000;500;9464278189;B
20240125;104329;55.810000000;5000;9464278422;S
20240125;104331;55.805000000;100;9464279177;S
20240125;104331;55.805000000;600;9464279222;S
20240125;104332;55.805000000;300;9464279329;S
20240125;104332;55.810000000;600;9464279387;B
20240125;104332;55.810000000;400;9464279388;B
20240125;104332;55.810000000;600;9464279389;B
20240125;104332;55.810000000;100;9464279390;S
20240125;104332;55.810000000;2300;9464279433;S
20240125;104332;55.805000000;1800;9464279434;S
20240125;104333;55.805000000;100;9464279508;S
20240125;104333;55.805000000;400;9464279709;S
20240125;104334;55.805000000;100;9464279876;S
20240125;104335;55.805000000;1000;9464280404;S
20240125;104335;55.805000000;100;9464280507;S
20240125;104338;55.805000000;200;9464281207;S
20240125;104339;55.805000000;1700;9464281532;S
20240125;104340;55.805000000;700;9464281556;S
20240125;104340;55.805000000;1000;9464281557;S
20240125;104340;55.805000000;1400;9464281558;S
20240125;104340;55.800000000;2100;9464281559;S
20240125;104340;55.800000000;100;9464281566;S
20240125;104340;55.800000000;100;9464281720;S
20240125;104341;55.800000000;300;9464281984;S
20240125;104343;55.800000000;700;9464282391;S
20240125;104345;55.785000000;100;9464283030;S
20240125;104352;55.785000000;100;9464284793;S
20240125;104355;55.785000000;1000;9464285584;S
20240125;104358;55.785000000;1000;9464286675;S
20240125;104408;55.790000000;100;9464289661;B
20240125;104411;55.785000000;1000;9464290318;S
20240125;104415;55.785000000;100;9464291325;S
20240125;104417;55.785000000;100;9464291662;S
20240125;104420;55.790000000;1000;9464292503;B
20240125;104420;55.790000000;700;9464292504;B
20240125;104421;55.785000000;600;9464292825;S
20240125;104421;55.785000000;400;9464292826;S
20240125;104421;55.785000000;2500;9464292827;S
20240125;104421;55.790000000;1800;9464292862;B
20240125;104421;55.790000000;200;9464292863;B
20240125;104422;55.785000000;200;9464293002;S
20240125;104423;55.785000000;1300;9464293261;S
20240125;104423;55.785000000;1900;9464293262;S
20240125;104428;55.785000000;100;9464294323;S
20240125;104428;55.780000000;100;9464294445;S
20240125;104428;55.780000000;200;9464294446;S
20240125;104428;55.780000000;4000;9464294447;S
20240125;104430;55.770000000;100;9464294757;S
20240125;104430;55.760000000;300;9464294758;S
20240125;104430;55.760000000;100;9464294759;S
20240125;104430;55.760000000;100;9464294760;S
20240125;104430;55.760000000;400;9464294761;S
20240125;104435;55.780000000;900;9464296099;S
20240125;104435;55.785000000;1000;9464296101;B
20240125;104435;55.780000000;1000;9464296268;S
20240125;104435;55.785000000;300;9464296306;B
20240125;104436;55.780000000;200;9464296469;S
20240125;104442;55.800000000;100;9464297690;B
20240125;104444;55.790000000;500;9464298210;S
20240125;104444;55.795000000;2900;9464298219;B
20240125;104445;55.790000000;600;9464298329;S
20240125;104455;55.800000000;1400;9464300813;B
20240125;104455;55.800000000;1600;9464300814;B
