<DATE>;<TIME>;<LAST>;<VOL>;<ID>;<OPER>
20240216;095946;60.250000000;400;9618271758;S
20240216;095946;60.250000000;200;9618271759;S
20240216;095946;60.250000000;100;9618271760;S
20240216;095946;60.250000000;100;9618271761;S
20240216;095946;60.250000000;100;9618271762;S
20240216;095946;60.250000000;800;9618271763;S
20240216;095946;60.250000000;300;9618271764;S
20240216;095946;60.250000000;100;9618271765;S
20240216;095946;60.250000000;100;9618271766;S
20240216;095946;60.250000000;400;9618271767;S
20240216;095946;60.250000000;2500;9618271768;S
20240216;095946;60.250000000;5000;9618271769;B
20240216;095946;60.250000000;800;9618271770;B
20240216;095946;60.250000000;100;9618271771;S
20240216;095946;60.250000000;100;9618271772;S
20240216;095946;60.250000000;300;9618271773;S
20240216;095946;60.250000000;300;9618271774;B
20240216;095946;60.250000000;100;9618271775;B
20240216;095946;60.250000000;1000;9618271776;S
20240216;095946;60.250000000;300;9618271777;S
20240216;095946;60.250000000;4100;9618271778;S
20240216;095946;60.250000000;200;9618271779;B
20240216;095946;60.250000000;600;9618271780;B
20240216;095946;60.250000000;100;9618271781;B
20240216;095946;60.250000000;100;9618271782;B
20240216;095946;60.250000000;200;9618271783;B
20240216;095946;60.250000000;6400;9618271784;B
20240216;095946;60.250000000;200;9618271785;B
20240216;095946;60.250000000;100;9618271786;B
20240216;095946;60.250000000;2000;9618271787;B
20240216;095946;60.250000000;900;9618271788;B
20240216;095946;60.250000000;300;9618271789;B
20240216;095946;60.250000000;4200;9618271790;B
20240216;095946;60.250000000;13000;9618271791;B
20240216;095946;60.250000000;700;9618271792;B
20240216;095946;60.250000000;300;9618271793;B
20240216;095946;60.250000000;100;9618271794;B
20240216;095946;60.250000000;1200;9618271795;B
20240216;095946;60.250000000;200;9618271796;B
20240216;095946;60.250000000;200;9618271797;S
20240216;095946;60.250000000;500;9618271798;S
20240216;095946;60.250000000;200;9618271799;S
20240216;095946;60.250000000;300;9618271800;S
20240216;095946;60.250000000;100;9618271801;B
20240216;095946;60.250000000;2300;9618271802;B
20240216;095946;60.250000000;7700;9618271803;B
20240216;095946;60.250000000;100;9618271804;B
20240216;095946;60.250000000;1000;9618271805;S
20240216;095946;60.250000000;100;9618271806;B
20240216;095946;60.250000000;1000;9618271807;B
20240216;095946;60.250000000;100;9618271808;B
20240216;095946;60.250000000;600;9618271809;B
20240216;095946;60.250000000;100;9618271810;B
20240216;095946;60.250000000;1500;9618271811;B
20240216;095946;60.250000000;100;9618271812;B
20240216;095946;60.250000000;100;9618271813;S
20240216;100000;60.290000000;100;9618275402;B
20240216;100000;60.285000000;100;9618275486;S
20240216;100001;60.290000000;100;9618275912;B
20240216;100001;60.295000000;1400;9618275913;B
20240216;100001;60.295000000;200;9618276013;B
20240216;100001;60.300000000;400;9618276014;B
20240216;100001;60.300000000;500;9618276015;B
20240216;100001;60.300000000;200;9618276016;B
20240216;100001;60.300000000;5000;9618276017;B
20240216;100001;60.300000000;400;9618276018;B
20240216;100001;60.300000000;2100;9618276043;B
20240216;100001;60.300000000;100;9618276044;B
20240216;100001;60.315000000;3400;9618276052;B
20240216;100001;60.315000000;200;9618276053;B
20240216;100001;60.320000000;8300;9618276091;B
20240216;100001;60.330000000;300;9618276099;B
20240216;100001;60.330000000;200;9618276256;S
20240216;100001;60.330000000;4500;9618276257;S
20240216;100001;60.330000000;1400;9618276258;S
20240216;100001;60.330000000;4100;9618276259;S
20240216;100001;60.335000000;100;9618276380;B
20240216;100001;60.330000000;100;9618276598;S
20240216;100001;60.335000000;1000;9618276599;B
20240216;100001;60.335000000;100;9618276628;B
20240216;100001;60.330000000;100;9618276648;S
20240216;100001;60.330000000;700;9618276665;S
20240216;100001;60.330000000;300;9618276666;S
20240216;100002;60.330000000;200;9618277019;S
20240216;100002;60.335000000;1700;9618277104;B
20240216;100002;60.335000000;7100;9618277393;B
20240216;100002;60.340000000;500;9618277394;B
20240216;100002;60.345000000;500;9618277395;B
20240216;100002;60.345000000;1000;9618277396;B
20240216;100002;60.345000000;900;9618277397;B
20240216;100002;60.345000000;500;9618277443;B
20240216;100002;60.345000000;3600;9618277511;B
20240216;100002;60.345000000;48800;9618277512;B
20240216;100003;60.345000000;1200;9618277612;B
20240216;100003;60.345000000;100;9618277616;B
20240216;100003;60.345000000;100;9618277654;B
20240216;100003;60.350000000;100;9618277712;B
20240216;100003;60.350000000;100;9618277713;B
20240216;100003;60.350000000;1800;9618277714;B
20240216;100003;60.350000000;500;9618277729;B
20240216;100004;60.340000000;700;9618277771;S
20240216;100004;60.350000000;800;9618277863;B
20240216;100004;60.350000000;6900;9618277887;B
20240216;100004;60.350000000;3100;9618277888;B
20240216;100004;60.350000000;1900;9618277895;B
20240216;100004;60.350000000;100;9618277896;B
20240216;100004;60.350000000;200;9618277897;B
20240216;100004;60.350000000;700;9618277898;B
20240216;100004;60.350000000;1100;9618277899;B
20240216;100004;60.345000000;3000;9618278074;S
20240216;100004;60.350000000;400;9618278116;B
20240216;100004;60.350000000;9600;9618278117;B
20240216;100004;60.345000000;1600;9618278233;S
20240216;100004;60.345000000;2000;9618278234;S
20240216;100004;60.345000000;400;9618278235;S
20240216;100005;60.350000000;100;9618278471;B
20240216;100005;60.340000000;2000;9618278623;S
20240216;100005;60.335000000;1000;9618278624;S
20240216;100005;60.350000000;100;9618278640;B
20240216;100005;60.340000000;100;9618278760;S
20240216;100005;60.340000000;100;9618279065;S
20240216;100005;60.350000000;100;9618279475;B
20240216;100006;60.350000000;1000;9618279712;B
20240216;100006;60.350000000;200;9618279719;B
20240216;100006;60.340000000;900;9618279902;S
20240216;100006;60.340000000;100;9618280007;S
20240216;100006;60.350000000;800;9618280176;B
20240216;100006;60.350000000;100;9618280493;B
20240216;100006;60.350000000;1400;9618280528;B
20240216;100006;60.340000000;200;9618280783;S
20240216;100006;60.350000000;700;9618281056;B
20240216;100006;60.340000000;100;9618281058;S
20240216;100008;60.350000000;1000;9618282218;B
20240216;100008;60.340000000;2000;9618282219;S
20240216;100008;60.335000000;100;9618282220;S
20240216;100008;60.335000000;2900;9618282288;S
20240216;100008;60.330000000;3000;9618282289;S
20240216;100008;60.330000000;900;9618282290;S
20240216;100008;60.320000000;1300;9618282291;S
20240216;100008;60.315000000;1300;9618282292;S
20240216;100008;60.310000000;1300;9618282293;S
20240216;100008;60.300000000;4100;9618282294;S
20240216;100008;60.290000000;900;9618282295;B
20240216;100008;60.325000000;1700;9618282452;S
20240216;100009;60.325000000;1000;9618282714;S
20240216;100010;60.345000000;200;9618282876;B
20240216;100010;60.350000000;8400;9618283050;B
20240216;100010;60.340000000;1400;9618283174;S
20240216;100010;60.335000000;2000;9618283175;S
20240216;100010;60.330000000;4000;9618283176;S
20240216;100010;60.330000000;700;9618283177;S
20240216;100010;60.325000000;5000;9618283178;S
20240216;100010;60.300000000;4000;9618283179;B
20240216;100010;60.300000000;7500;9618283181;B
20240216;100010;60.300000000;13000;9618283182;B
20240216;100010;60.300000000;12400;9618283183;B
20240216;100010;60.350000000;1500;9618283225;B
20240216;100010;60.350000000;100;9618283226;B
20240216;100010;60.350000000;1000;9618283227;B
20240216;100010;60.350000000;500;9618283228;B
20240216;100010;60.350000000;900;9618283229;B
20240216;100010;60.350000000;1000;9618283230;B
20240216;100010;60.350000000;100;9618283235;B
20240216;100011;60.350000000;100;9618283767;B
20240216;100011;60.355000000;100;9618283768;B
20240216;100011;60.355000000;100;9618283830;B
20240216;100012;60.355000000;1000;9618284039;B
20240216;100012;60.350000000;800;9618284096;S
20240216;100013;60.355000000;500;9618284326;B
20240216;100013;60.355000000;700;9618284327;B
20240216;100013;60.360000000;100;9618284328;B
20240216;100013;60.360000000;100;9618284329;B
20240216;100013;60.360000000;100;9618284330;B
20240216;100013;60.365000000;100;9618284331;B
20240216;100013;60.365000000;3000;9618284332;B
20240216;100013;60.365000000;3300;9618284333;B
20240216;100013;60.365000000;2100;9618284334;B
20240216;100013;60.370000000;100;9618284336;B
20240216;100013;60.370000000;700;9618284337;B
20240216;100013;60.370000000;15000;9618284339;B
20240216;100013;60.355000000;100;9618284357;B
20240216;100014;60.350000000;400;9618284400;S
20240216;100014;60.355000000;200;9618284420;B
20240216;100014;60.355000000;2000;9618284434;B
20240216;100014;60.355000000;12500;9618284435;B
20240216;100014;60.360000000;700;9618284436;B
20240216;100014;60.370000000;700;9618284437;B
20240216;100014;60.370000000;100;9618284443;B
20240216;100014;60.370000000;100;9618284444;B
20240216;100014;60.370000000;100;9618284448;B
20240216;100014;60.370000000;100;9618284449;B
20240216;100014;60.370000000;100;9618284450;B
20240216;100014;60.355000000;100;9618284467;B
20240216;100014;60.355000000;100;9618284487;B
20240216;100014;60.360000000;2000;9618284488;B
20240216;100014;60.365000000;100;9618284489;B
20240216;100014;60.365000000;600;9618284490;B
20240216;100014;60.365000000;100;9618284513;B
20240216;100014;60.365000000;1300;9618284530;B
20240216;100014;60.370000000;10000;9618284578;B
20240216;100015;60.365000000;500;9618284613;B
20240216;100016;60.365000000;500;9618284856;B
20240216;100016;60.370000000;9500;9618284857;B
20240216;100016;60.360000000;100;9618284860;S
20240216;100016;60.370000000;10000;9618284898;B
20240216;100017;60.370000000;500;9618285018;B
20240216;100017;60.370000000;300;9618285062;B
20240216;100017;60.360000000;700;9618285117;S
20240216;100017;60.355000000;400;9618285118;S
20240216;100018;60.370000000;2000;9618285242;B
20240216;100018;60.370000000;800;9618285244;B
20240216;100019;60.350000000;1000;9618285427;S
20240216;100019;60.350000000;1600;9618285428;S
20240216;100019;60.345000000;700;9618285429;S
20240216;100019;60.335000000;2000;9618285430;S
20240216;100019;60.335000000;100;9618285431;S
20240216;100019;60.330000000;1300;9618285432;S
20240216;100019;60.330000000;200;9618285433;B
20240216;100019;60.330000000;300;9618285434;B
20240216;100019;60.330000000;4300;9618285435;B
20240216;100019;60.370000000;100;9618285532;B
20240216;100019;60.370000000;100;9618285533;B
20240216;100019;60.340000000;3400;9618285550;S
20240216;100019;60.335000000;2000;9618285551;S
20240216;100019;60.330000000;300;9618285552;S
20240216;100020;60.360000000;100;9618285763;S
20240216;100021;60.365000000;300;9618285898;B
20240216;100021;60.365000000;700;9618286014;B
20240216;100021;60.370000000;100;9618286015;B
20240216;100022;60.360000000;700;9618286070;S
20240216;100022;60.360000000;1000;9618286105;S
20240216;100022;60.360000000;400;9618286114;S
20240216;100023;60.350000000;100;9618286228;B
20240216;100023;60.345000000;500;9618286267;S
20240216;100024;60.350000000;1700;9618286459;B
20240216;100026;60.350000000;22800;9618286895;B
20240216;100026;60.365000000;2200;9618286896;B
20240216;100027;60.355000000;2000;9618287007;S
20240216;100027;60.355000000;1400;9618287008;S
20240216;100027;60.355000000;1300;9618287009;S
20240216;100027;60.355000000;1300;9618287010;S
20240216;100027;60.355000000;2000;9618287143;S
20240216;100027;60.350000000;1300;9618287144;S
20240216;100027;60.350000000;4100;9618287145;S
20240216;100027;60.350000000;300;9618287152;B
20240216;100028;60.345000000;200;9618287207;S
20240216;100028;60.345000000;200;9618287208;S
20240216;100029;60.350000000;25000;9618287369;B
20240216;100029;60.350000000;10000;9618287435;B
20240216;100029;60.350000000;5000;9618287454;B
20240216;100031;60.350000000;500;9618287663;B
20240216;100031;60.350000000;1800;9618287664;B
20240216;100032;60.345000000;1100;9618287911;S
20240216;100032;60.345000000;1500;9618287912;S
20240216;100032;60.350000000;300;9618288140;B
20240216;100032;60.360000000;700;9618288141;B
20240216;100033;60.360000000;3300;9618288262;B
20240216;100034;60.350000000;1300;9618288527;S
20240216;100034;60.350000000;1800;9618288528;S
20240216;100035;60.360000000;5000;9618288659;B
20240216;100035;60.360000000;5000;9618288712;B
20240216;100036;60.360000000;1000;9618288763;B
20240216;100036;60.360000000;2000;9618288813;B
20240216;100037;60.360000000;3000;9618289184;B
20240216;100037;60.360000000;500;9618289185;B
20240216;100038;60.365000000;800;9618289395;B
20240216;100038;60.370000000;200;9618289396;B
20240216;100038;60.370000000;400;9618289438;B
20240216;100038;60.370000000;3300;9618289439;B
20240216;100038;60.370000000;200;9618289440;B
20240216;100038;60.370000000;100;9618289441;B
20240216;100039;60.370000000;1000;9618289468;B
20240216;100040;60.360000000;2500;9618289615;S
20240216;100040;60.370000000;100;9618289663;B
20240216;100041;60.360000000;700;9618289755;S
20240216;100041;60.370000000;100;9618289760;B
20240216;100042;60.365000000;500;9618290090;S
20240216;100043;60.365000000;100;9618290133;S
20240216;100043;60.365000000;400;9618290176;S
20240216;100043;60.365000000;700;9618290177;S
20240216;100043;60.360000000;2100;9618290178;S
20240216;100043;60.360000000;1000;9618290179;S
20240216;100043;60.360000000;1000;9618290180;S
20240216;100043;60.355000000;2000;9618290181;S
20240216;100043;60.355000000;1000;9618290182;S
20240216;100043;60.355000000;1000;9618290183;S
20240216;100043;60.355000000;100;9618290184;S
20240216;100043;60.355000000;100;9618290185;S
20240216;100043;60.350000000;1300;9618290186;S
20240216;100043;60.350000000;4100;9618290187;S
20240216;100043;60.345000000;8500;9618290188;S
20240216;100043;60.345000000;1700;9618290189;S
20240216;100044;60.355000000;500;9618290431;B
20240216;100045;60.355000000;4500;9618290606;B
20240216;100045;60.360000000;100;9618290607;B
20240216;100045;60.370000000;1400;9618290608;B
20240216;100045;60.370000000;600;9618290767;B
20240216;100045;60.370000000;9400;9618290768;B
20240216;100046;60.370000000;3900;9618290787;B
20240216;100046;60.370000000;5000;9618290788;B
20240216;100046;60.380000000;700;9618290789;B
20240216;100046;60.380000000;400;9618290790;B
20240216;100046;60.370000000;300;9618290930;B
20240216;100046;60.370000000;100;9618290984;B
20240216;100046;60.370000000;1800;9618290986;B
20240216;100046;60.380000000;700;9618290987;B
20240216;100046;60.380000000;1000;9618290999;B
20240216;100047;60.380000000;100;9618291038;B
20240216;100047;60.385000000;500;9618291149;B
20240216;100047;60.385000000;100;9618291181;B
20240216;100047;60.385000000;1000;9618291182;B
20240216;100047;60.390000000;1000;9618291183;B
20240216;100047;60.390000000;100;9618291184;B
20240216;100047;60.390000000;100;9618291185;B
20240216;100047;60.390000000;100;9618291186;B
20240216;100047;60.390000000;7600;9618291187;B
20240216;100048;60.390000000;2400;9618291240;B
20240216;100048;60.395000000;800;9618291241;B
20240216;100048;60.395000000;800;9618291242;B
20240216;100048;60.400000000;900;9618291243;B
20240216;100048;60.400000000;100;9618291244;B
20240216;100048;60.400000000;900;9618291245;B
20240216;100048;60.400000000;4100;9618291246;B
20240216;100048;60.400000000;100;9618291251;B
20240216;100048;60.400000000;1000;9618291264;B
20240216;100048;60.400000000;200;9618291380;B
20240216;100048;60.380000000;400;9618291389;S
20240216;100048;60.370000000;2600;9618291390;S
20240216;100048;60.395000000;200;9618291538;B
20240216;100048;60.395000000;300;9618291562;B
20240216;100048;60.395000000;3000;9618291563;B
20240216;100048;60.400000000;6700;9618291564;B
20240216;100048;60.400000000;200;9618291569;B
20240216;100048;60.400000000;700;9618291576;B
20240216;100049;60.395000000;100;9618291584;B
20240216;100049;60.395000000;400;9618291593;B
20240216;100049;60.400000000;1600;9618291594;B
20240216;100049;60.400000000;10000;9618291612;B
20240216;100049;60.370000000;200;9618291613;S
20240216;100049;60.400000000;900;9618291615;B
20240216;100049;60.400000000;5400;9618291729;B
20240216;100050;60.400000000;10000;9618291928;B
20240216;100050;60.400000000;100;9618291970;B
20240216;100050;60.400000000;400;9618292117;B
20240216;100051;60.400000000;200;9618292213;B
20240216;100051;60.400000000;50000;9618292219;B
20240216;100052;60.400000000;1000;9618292343;B
20240216;100052;60.400000000;100;9618292372;B
20240216;100052;60.400000000;7300;9618292446;B
20240216;100052;60.400000000;1000;9618292447;B
20240216;100052;60.400000000;100;9618292448;B
20240216;100052;60.400000000;100;9618292449;B
20240216;100052;60.400000000;100;9618292450;B
20240216;100052;60.400000000;100;9618292451;B
20240216;100052;60.400000000;100;9618292452;B
20240216;100052;60.400000000;100;9618292453;B
20240216;100052;60.400000000;100;9618292454;B
20240216;100052;60.400000000;100;9618292455;B
20240216;100052;60.400000000;900;9618292456;B
20240216;100052;60.400000000;4100;9618292513;B
20240216;100052;60.400000000;100;9618292514;B
20240216;100052;60.400000000;100;9618292515;B
20240216;100052;60.400000000;700;9618292516;B
20240216;100053;60.400000000;100;9618292624;B
20240216;100053;60.400000000;100;9618292654;B
20240216;100054;60.400000000;100;9618292816;B
20240216;100055;60.400000000;100;9618292856;B
20240216;100056;60.400000000;100;9618293183;B
20240216;100056;60.390000000;100;9618293211;S
20240216;100056;60.385000000;100;9618293212;S
20240216;100056;60.380000000;100;9618293213;S
20240216;100056;60.380000000;100;9618293214;S
20240216;100056;60.380000000;200;9618293215;S
20240216;100056;60.400000000;4000;9618293234;B
20240216;100056;60.400000000;1000;9618293235;B
20240216;100056;60.400000000;500;9618293236;B
20240216;100056;60.400000000;200;9618293237;B
20240216;100056;60.400000000;100;9618293238;B
20240216;100056;60.400000000;300;9618293239;B
20240216;100056;60.400000000;300;9618293240;B
20240216;100056;60.400000000;400;9618293241;B
20240216;100056;60.405000000;500;9618293242;B
20240216;100056;60.410000000;10900;9618293243;B
20240216;100056;60.410000000;25000;9618293259;B
20240216;100057;60.410000000;2000;9618293449;B
20240216;100058;60.400000000;100;9618293699;B
20240216;100058;60.405000000;200;9618293700;B
20240216;100058;60.385000000;200;9618293865;S
20240216;100059;60.405000000;3100;9618293914;B
20240216;100059;60.410000000;1900;9618293915;B
20240216;100059;60.410000000;1500;9618294056;B
20240216;100100;60.390000000;100;9618294202;S
20240216;100100;60.385000000;1800;9618294203;S
20240216;100100;60.380000000;700;9618294204;S
20240216;100100;60.390000000;1800;9618294220;B
20240216;100101;60.370000000;100;9618294299;S
20240216;100105;60.385000000;200;9618295105;B
20240216;100105;60.385000000;3200;9618295124;B
20240216;100105;60.390000000;1800;9618295125;B
20240216;100106;60.385000000;1000;9618295236;B
20240216;100107;60.370000000;5000;9618295433;S
20240216;100107;60.380000000;100;9618295576;S
20240216;100108;60.385000000;100;9618295682;B
20240216;100108;60.380000000;4300;9618295740;S
20240216;100111;60.380000000;4800;9618296193;S
20240216;100111;60.380000000;200;9618296194;S
20240216;100111;60.385000000;500;9618296195;B
20240216;100111;60.385000000;200;9618296223;B
20240216;100112;60.385000000;1000;9618296406;B
20240216;100112;60.385000000;500;9618296416;B
20240216;100112;60.385000000;800;9618296417;B
20240216;100112;60.380000000;500;9618296438;S
20240216;100112;60.370000000;100;9618296439;S
20240216;100112;60.385000000;100;9618296470;B
20240216;100114;60.385000000;2500;9618296662;B
20240216;100114;60.390000000;3500;9618296663;B
20240216;100115;60.385000000;1000;9618296929;B
20240216;100116;60.385000000;4000;9618297033;B
20240216;100116;60.390000000;2900;9618297034;B
20240216;100116;60.390000000;300;9618297040;S
20240216;100116;60.390000000;300;9618297052;S
20240216;100117;60.395000000;100;9618297150;B
20240216;100117;60.390000000;200;9618297173;S
20240216;100117;60.390000000;3000;9618297224;S
20240216;100117;60.390000000;800;9618297234;S
20240216;100120;60.395000000;1700;9618297525;B
20240216;100120;60.395000000;500;9618297591;B
20240216;100120;60.400000000;1700;9618297592;B
20240216;100120;60.400000000;3000;9618297593;B
20240216;100120;60.400000000;1300;9618297594;B
20240216;100120;60.405000000;9000;9618297595;B
20240216;100120;60.410000000;4500;9618297596;B
20240216;100120;60.410000000;300;9618297603;B
20240216;100121;60.390000000;3500;9618297642;S
20240216;100121;60.390000000;2000;9618297643;S
20240216;100121;60.385000000;200;9618297644;S
20240216;100122;60.385000000;100;9618297768;B
20240216;100122;60.380000000;500;9618297784;S
20240216;100123;60.385000000;10200;9618297918;B
20240216;100123;60.380000000;100;9618297966;S
20240216;100126;60.385000000;1000;9618298357;B
20240216;100126;60.380000000;300;9618298406;S
20240216;100126;60.385000000;200;9618298437;B
20240216;100127;60.385000000;300;9618298587;B
20240216;100128;60.385000000;100;9618298771;B
20240216;100129;60.380000000;100;9618298802;S
20240216;100129;60.385000000;3400;9618298881;B
20240216;100129;60.385000000;2200;9618298882;B
20240216;100129;60.400000000;500;9618298883;B
20240216;100129;60.410000000;3900;9618298884;B
20240216;100129;60.410000000;100;9618298885;B
20240216;100129;60.410000000;100;9618298886;B
20240216;100129;60.415000000;3500;9618298887;B
20240216;100129;60.420000000;400;9618298888;B
20240216;100129;60.420000000;100;9618298889;B
20240216;100129;60.420000000;2200;9618298890;B
20240216;100129;60.425000000;100;9618298891;B
20240216;100129;60.425000000;500;9618298892;B
20240216;100129;60.430000000;100;9618298893;B
20240216;100129;60.430000000;800;9618298894;B
20240216;100129;60.430000000;1300;9618298895;B
20240216;100129;60.435000000;500;9618298896;B
20240216;100129;60.435000000;300;9618298897;B
20240216;100130;60.390000000;4100;9618298975;S
20240216;100130;60.385000000;2000;9618298976;S
20240216;100130;60.380000000;1000;9618298977;S
20240216;100130;60.375000000;2000;9618298978;S
20240216;100130;60.370000000;1700;9618298979;S
20240216;100130;60.370000000;100;9618298980;S
20240216;100130;60.370000000;1000;9618298981;S
20240216;100130;60.370000000;1300;9618298982;S
20240216;100130;60.370000000;1000;9618298983;S
20240216;100130;60.370000000;100;9618298984;S
20240216;100130;60.370000000;200;9618298985;S
20240216;100130;60.365000000;2000;9618298986;S
20240216;100130;60.365000000;100;9618298987;S
20240216;100130;60.395000000;200;9618298995;B
20240216;100130;60.395000000;800;9618298996;B
20240216;100131;60.395000000;500;9618299081;B
20240216;100132;60.395000000;400;9618299161;B
20240216;100132;60.395000000;500;9618299213;B
20240216;100134;60.385000000;2000;9618299519;B
20240216;100135;60.385000000;500;9618299719;B
20240216;100135;60.380000000;200;9618299775;S
20240216;100135;60.380000000;100;9618299818;S
20240216;100137;60.385000000;2900;9618300019;B
20240216;100137;60.385000000;2700;9618300020;B
20240216;100138;60.380000000;800;9618300138;S
20240216;100141;60.380000000;600;9618300848;S
20240216;100141;60.380000000;100;9618300849;S
20240216;100141;60.375000000;100;9618300855;B
20240216;100141;60.375000000;3300;9618300888;B
20240216;100141;60.380000000;200;9618300889;B
20240216;100142;60.375000000;2500;9618301004;B
20240216;100143;60.365000000;1000;9618301168;S
20240216;100143;60.365000000;1000;9618301195;S
20240216;100143;60.365000000;4100;9618301196;S
20240216;100143;60.360000000;100;9618301197;S
20240216;100143;60.360000000;1300;9618301198;S
20240216;100143;60.360000000;800;9618301199;S
20240216;100143;60.360000000;2000;9618301200;S
20240216;100143;60.355000000;700;9618301201;S
20240216;100144;60.370000000;300;9618301419;B
20240216;100146;60.355000000;200;9618301692;S
20240216;100146;60.370000000;300;9618301744;B
20240216;100146;60.355000000;1000;9618301774;S
20240216;100148;60.355000000;3300;9618302127;S
20240216;100149;60.355000000;5000;9618302273;S
20240216;100150;60.370000000;400;9618302598;B
20240216;100150;60.375000000;600;9618302599;B
20240216;100150;60.375000000;3400;9618302600;B
20240216;100150;60.380000000;5600;9618302601;B
20240216;100151;60.375000000;2000;9618302629;B
20240216;100153;60.375000000;3400;9618303017;B
20240216;100153;60.375000000;300;9618303018;B
20240216;100153;60.380000000;3300;9618303019;B
20240216;100153;60.380000000;3000;9618303020;B
20240216;100157;60.375000000;1000;9618303595;B
20240216;100158;60.360000000;100;9618303719;S
20240216;100159;60.360000000;4000;9618303807;S
20240216;100159;60.355000000;500;9618303808;S
20240216;100159;60.355000000;10000;9618303809;S
20240216;100159;60.355000000;5900;9618303810;S
20240216;100159;60.355000000;2000;9618303811;S
20240216;100159;60.350000000;1200;9618303812;S
20240216;100159;60.350000000;1000;9618303813;S
20240216;100159;60.350000000;100;9618303814;S
20240216;100159;60.350000000;900;9618303815;S
20240216;100159;60.350000000;1300;9618303816;S
20240216;100159;60.350000000;100;9618303817;S
20240216;100159;60.345000000;300;9618303818;S
20240216;100159;60.345000000;1300;9618303819;S
20240216;100159;60.340000000;8800;9618303820;S
20240216;100159;60.340000000;1300;9618303821;S
20240216;100159;60.335000000;2000;9618303822;S
20240216;100159;60.335000000;1000;9618303823;S
20240216;100159;60.335000000;100;9618303824;S
20240216;100159;60.335000000;5000;9618303825;S
20240216;100159;60.330000000;9800;9618303826;S
20240216;100159;60.330000000;1300;9618303827;S
20240216;100159;60.340000000;2500;9618303856;S
20240216;100200;60.340000000;2000;9618303911;S
20240216;100200;60.335000000;2000;9618303912;S
20240216;100200;60.335000000;1300;9618303913;S
20240216;100200;60.330000000;14700;9618303914;S
20240216;100201;60.355000000;500;9618304049;B
20240216;100202;60.355000000;2900;9618304144;B
20240216;100202;60.355000000;100;9618304145;B
20240216;100202;60.360000000;1000;9618304146;B
20240216;100202;60.360000000;5000;9618304147;B
20240216;100202;60.365000000;2000;9618304148;B
20240216;100202;60.365000000;500;9618304149;B
20240216;100202;60.375000000;500;9618304150;B
20240216;100202;60.375000000;3000;9618304151;B
20240216;100202;60.375000000;2100;9618304297;B
20240216;100204;60.350000000;3000;9618304676;S
20240216;100206;60.355000000;3400;9618304884;B
20240216;100206;60.360000000;1600;9618304885;B
20240216;100206;60.360000000;100;9618304927;B
20240216;100208;60.350000000;22000;9618305066;S
20240216;100208;60.350000000;500;9618305067;S
20240216;100208;60.350000000;2500;9618305068;S
20240216;100208;60.360000000;4700;9618305090;B
20240216;100209;60.360000000;100;9618305257;B
20240216;100212;60.350000000;1000;9618305534;S
20240216;100213;60.360000000;100;9618305743;B
20240216;100213;60.360000000;300;9618305773;B
20240216;100213;60.350000000;3000;9618305802;S
20240216;100213;60.360000000;1100;9618305816;B
20240216;100215;60.360000000;5000;9618306098;B
20240216;100215;60.360000000;2200;9618306132;B
20240216;100217;60.350000000;100;9618306382;S
20240216;100217;60.360000000;1300;9618306423;B
20240216;100217;60.370000000;500;9618306424;B
20240216;100217;60.375000000;500;9618306425;B
20240216;100217;60.380000000;300;9618306426;B
20240216;100218;60.375000000;2000;9618306527;B
20240216;100218;60.380000000;500;9618306528;B
20240216;100219;60.355000000;100;9618306677;S
20240216;100219;60.355000000;500;9618306678;S
20240216;100219;60.355000000;100;9618306679;S
20240216;100219;60.355000000;3400;9618306680;S
20240216;100219;60.350000000;3400;9618306681;S
20240216;100219;60.350000000;100;9618306682;S
20240216;100219;60.350000000;3000;9618306683;S
20240216;100219;60.335000000;5100;9618306684;S
20240216;100219;60.335000000;100;9618306685;S
20240216;100219;60.330000000;9000;9618306686;S
20240216;100219;60.330000000;2000;9618306687;S
20240216;100219;60.330000000;1300;9618306688;S
20240216;100219;60.325000000;1300;9618306689;S
20240216;100219;60.325000000;10000;9618306690;S
20240216;100219;60.325000000;4000;9618306691;S
20240216;100219;60.320000000;2000;9618306692;S
20240216;100219;60.320000000;400;9618306693;S
20240216;100219;60.320000000;6600;9618306694;S
20240216;100220;60.365000000;1000;9618307089;B
20240216;100221;60.335000000;2000;9618307210;S
20240216;100221;60.335000000;3000;9618307211;S
20240216;100221;60.330000000;4100;9618307212;S
20240216;100221;60.325000000;1300;9618307213;S
20240216;100221;60.325000000;600;9618307280;B
20240216;100222;60.325000000;500;9618307345;B
20240216;100222;60.320000000;3400;9618307346;S
20240216;100222;60.320000000;100;9618307347;S
20240216;100222;60.320000000;100;9618307348;S
20240216;100222;60.320000000;2000;9618307349;S
20240216;100222;60.320000000;2000;9618307350;S
20240216;100222;60.320000000;2400;9618307351;S
20240216;100224;60.325000000;200;9618307643;B
20240216;100225;60.325000000;100;9618307805;B
20240216;100226;60.325000000;100;9618307960;B
20240216;100226;60.325000000;2000;9618307968;B
20240216;100226;60.325000000;100;9618307976;B
20240216;100227;60.325000000;200;9618307998;B
20240216;100228;60.320000000;100;9618308121;S
20240216;100228;60.320000000;2000;9618308122;S
20240216;100228;60.320000000;500;9618308173;S
20240216;100230;60.325000000;400;9618308483;B
20240216;100230;60.325000000;3200;9618308509;B
20240216;100230;60.340000000;100;9618308510;B
20240216;100230;60.345000000;500;9618308511;B
20240216;100230;60.345000000;2400;9618308512;B
20240216;100230;60.350000000;5000;9618308513;B
20240216;100230;60.360000000;2900;9618308514;B
20240216;100231;60.360000000;5900;9618308547;S
20240216;100231;60.340000000;500;9618308548;S
20240216;100231;60.340000000;3000;9618308549;S
20240216;100231;60.325000000;3000;9618308550;S
20240216;100231;60.325000000;1400;9618308551;S
20240216;100231;60.320000000;1600;9618308552;S
20240216;100231;60.320000000;2000;9618308553;S
20240216;100231;60.315000000;400;9618308554;S
20240216;100231;60.315000000;1000;9618308555;S
20240216;100231;60.315000000;1200;9618308556;S
20240216;100231;60.320000000;500;9618308590;S
20240216;100232;60.315000000;100;9618308787;S
20240216;100232;60.315000000;100;9618308788;S
20240216;100232;60.315000000;3000;9618308789;S
20240216;100232;60.310000000;2000;9618308790;S
20240216;100232;60.310000000;400;9618308791;S
20240216;100232;60.310000000;100;9618308792;S
20240216;100232;60.310000000;3300;9618308793;S
20240216;100232;60.310000000;1000;9618308794;S
20240216;100232;60.315000000;1300;9618308848;S
20240216;100232;60.315000000;400;9618308849;S
20240216;100232;60.310000000;12400;9618308850;S
20240216;100233;60.325000000;200;9618308950;S
20240216;100233;60.320000000;4800;9618308951;S
20240216;100234;60.350000000;2000;9618308983;B
20240216;100234;60.320000000;1800;9618309008;S
20240216;100234;60.320000000;100;9618309009;S
20240216;100234;60.315000000;100;9618309010;S
20240216;100235;60.320000000;100;9618309097;S
20240216;100235;60.315000000;300;9618309098;S
20240216;100235;60.320000000;100;9618309133;S
20240216;100235;60.315000000;300;9618309134;S
20240216;100236;60.320000000;100;9618309289;S
20240216;100236;60.345000000;100;9618309325;B
20240216;100237;60.345000000;400;9618309436;B
20240216;100237;60.350000000;5000;9618309437;B
20240216;100237;60.365000000;2900;9618309438;B
20240216;100237;60.370000000;8800;9618309439;B
20240216;100237;60.370000000;5700;9618309440;B
20240216;100237;60.375000000;1300;9618309441;B
20240216;100237;60.375000000;5900;9618309442;B
20240216;100238;60.370000000;500;9618309570;B
20240216;100238;60.370000000;1400;9618309571;B
20240216;100238;60.375000000;200;9618309572;B
20240216;100239;60.370000000;100;9618309749;B
20240216;100240;60.370000000;600;9618309855;B
20240216;100240;60.375000000;4800;9618309856;B
20240216;100240;60.375000000;2200;9618309857;B
20240216;100240;60.380000000;2400;9618309858;B
20240216;100241;60.350000000;500;9618310030;S
20240216;100241;60.345000000;1500;9618310031;S
20240216;100245;60.365000000;400;9618310391;B
20240216;100245;60.365000000;100;9618310499;B
20240216;100246;60.355000000;300;9618310578;S
20240216;100247;60.360000000;1000;9618310672;S
20240216;100247;60.355000000;700;9618310673;S
20240216;100247;60.350000000;500;9618310674;S
20240216;100247;60.350000000;100;9618310675;S
20240216;100247;60.350000000;100;9618310709;B
20240216;100248;60.350000000;100;9618310840;B
20240216;100249;60.345000000;100;9618310857;S
20240216;100249;60.330000000;300;9618310858;S
20240216;100249;60.335000000;200;9618310933;S
20240216;100249;60.335000000;1900;9618310934;S
20240216;100251;60.350000000;400;9618311109;B
20240216;100259;60.350000000;1900;9618312231;B
20240216;100259;60.355000000;100;9618312232;B
20240216;100259;60.360000000;200;9618312233;B
20240216;100302;60.350000000;100;9618312772;S
20240216;100302;60.345000000;100;9618312773;S
20240216;100302;60.345000000;600;9618312774;S
20240216;100302;60.340000000;3400;9618312775;S
20240216;100302;60.335000000;200;9618312776;S
20240216;100302;60.335000000;2500;9618312777;S
20240216;100303;60.335000000;100;9618312869;S
20240216;100303;60.335000000;100;9618312870;S
20240216;100303;60.335000000;3400;9618312871;S
20240216;100303;60.330000000;6400;9618312872;S
20240216;100306;60.355000000;100;9618313409;B
20240216;100308;60.340000000;900;9618313686;B
20240216;100311;60.345000000;100;9618314250;S
20240216;100315;60.345000000;900;9618314818;S
20240216;100315;60.355000000;600;9618314846;B
20240216;100318;60.355000000;100;9618315365;B
20240216;100320;60.350000000;300;9618315672;B
20240216;100321;60.350000000;2000;9618315786;B
20240216;100323;60.350000000;100;9618316181;B
20240216;100325;60.350000000;100;9618316508;B
20240216;100325;60.350000000;600;9618316528;B
20240216;100325;60.355000000;2600;9618316529;B
20240216;100325;60.355000000;1800;9618316530;B
20240216;100329;60.345000000;200;9618317049;S
20240216;100330;60.350000000;1000;9618317194;S
20240216;100331;60.360000000;200;9618317262;B
20240216;100331;60.360000000;800;9618317263;B
20240216;100332;60.350000000;100;9618317305;S
20240216;100332;60.350000000;400;9618317375;S
20240216;100336;60.350000000;2900;9618317743;S
20240216;100336;60.345000000;2800;9618317744;S
20240216;100336;60.345000000;600;9618317745;S
20240216;100336;60.345000000;3500;9618317746;S
20240216;100336;60.345000000;10200;9618317747;B
20240216;100337;60.340000000;1300;9618317879;S
20240216;100337;60.340000000;100;9618317880;S
20240216;100337;60.340000000;800;9618317881;S
20240216;100337;60.335000000;2000;9618317882;S
20240216;100337;60.335000000;100;9618317883;S
20240216;100337;60.335000000;700;9618317884;S
20240216;100338;60.360000000;200;9618318032;B
20240216;100339;60.355000000;200;9618318199;S
20240216;100340;60.360000000;500;9618318287;B
20240216;100340;60.365000000;300;9618318288;B
20240216;100341;60.355000000;3200;9618318481;S
20240216;100341;60.355000000;500;9618318482;S
20240216;100341;60.350000000;600;9618318483;S
20240216;100341;60.350000000;5700;9618318484;S
20240216;100345;60.350000000;100;9618319214;S
20240216;100347;60.350000000;2000;9618319445;S
20240216;100348;60.350000000;2200;9618319508;S
20240216;100348;60.350000000;300;9618319509;S
20240216;100349;60.355000000;100;9618319697;B
20240216;100349;60.350000000;24700;9618319732;S
20240216;100349;60.350000000;300;9618319733;S
20240216;100350;60.355000000;100;9618319840;B
20240216;100350;60.355000000;700;9618319841;B
20240216;100351;60.355000000;100;9618319984;B
20240216;100352;60.355000000;1700;9618320132;B
20240216;100353;60.355000000;3200;9618320199;B
20240216;100353;60.360000000;500;9618320200;B
20240216;100353;60.360000000;2500;9618320201;B
20240216;100353;60.365000000;1900;9618320202;B
20240216;100353;60.365000000;1200;9618320203;B
20240216;100353;60.365000000;1000;9618320204;B
20240216;100353;60.365000000;3400;9618320205;B
20240216;100353;60.370000000;8200;9618320206;B
20240216;100353;60.370000000;100;9618320207;B
20240216;100353;60.375000000;100;9618320208;B
20240216;100353;60.375000000;2200;9618320209;B
20240216;100353;60.375000000;200;9618320210;B
20240216;100353;60.375000000;500;9618320211;B
20240216;100353;60.375000000;1300;9618320212;B
20240216;100353;60.380000000;3800;9618320213;B
20240216;100353;60.380000000;1000;9618320214;B
20240216;100353;60.380000000;10000;9618320215;B
20240216;100353;60.380000000;8900;9618320216;B
20240216;100354;60.380000000;1300;9618320281;B
20240216;100354;60.385000000;800;9618320282;B
20240216;100356;60.385000000;1400;9618320537;B
20240216;100356;60.385000000;100;9618320538;B
20240216;100359;60.385000000;100;9618320915;B
20240216;100359;60.385000000;900;9618320916;B
20240216;100400;60.385000000;300;9618321193;B
20240216;100400;60.390000000;200;9618321194;B
20240216;100400;60.390000000;500;9618321195;B
20240216;100400;60.390000000;6400;9618321196;B
20240216;100400;60.395000000;2200;9618321197;B
20240216;100400;60.395000000;400;9618321198;B
20240216;100401;60.385000000;200;9618321285;S
20240216;100401;60.375000000;500;9618321286;S
20240216;100401;60.370000000;500;9618321287;S
20240216;100401;60.370000000;3400;9618321288;S
20240216;100401;60.365000000;2000;9618321289;S
20240216;100401;60.360000000;2200;9618321290;S
20240216;100401;60.355000000;2000;9618321291;S
20240216;100401;60.355000000;3000;9618321292;S
20240216;100401;60.355000000;1300;9618321293;S
20240216;100401;60.350000000;200;9618321294;S
20240216;100401;60.350000000;200;9618321295;S
20240216;100401;60.350000000;100;9618321296;S
20240216;100401;60.350000000;100;9618321297;S
20240216;100401;60.350000000;1300;9618321298;S
20240216;100401;60.350000000;8800;9618321299;S
20240216;100401;60.350000000;100;9618321300;B
20240216;100401;60.350000000;24100;9618321301;B
20240216;100402;60.360000000;500;9618321389;S
20240216;100402;60.360000000;1500;9618321390;S
20240216;100402;60.380000000;100;9618321479;B
20240216;100403;60.380000000;300;9618321491;B
20240216;100403;60.380000000;500;9618321492;B
20240216;100403;60.380000000;2800;9618321493;B
20240216;100403;60.385000000;100;9618321494;B
20240216;100403;60.385000000;1300;9618321495;B
20240216;100405;60.385000000;1000;9618321738;B
20240216;100406;60.375000000;400;9618321821;S
20240216;100406;60.380000000;100;9618321830;B
20240216;100406;60.375000000;1300;9618321874;S
20240216;100408;60.380000000;100;9618322168;B
20240216;100408;60.375000000;300;9618322172;S
20240216;100408;60.375000000;700;9618322173;S
20240216;100409;60.380000000;1400;9618322294;B
20240216;100409;60.380000000;500;9618322295;B
20240216;100409;60.380000000;9500;9618322296;B
20240216;100409;60.380000000;8600;9618322297;B
20240216;100409;60.380000000;2000;9618322304;B
20240216;100410;60.380000000;2200;9618322469;B
20240216;100412;60.380000000;300;9618322756;B
20240216;100413;60.375000000;1300;9618322914;S
20240216;100413;60.375000000;3400;9618322915;S
20240216;100413;60.370000000;300;9618322916;S
20240216;100414;60.380000000;500;9618322995;B
20240216;100414;60.380000000;3900;9618323038;B
20240216;100414;60.380000000;100;9618323039;B
20240216;100415;60.385000000;2000;9618323224;B
20240216;100415;60.385000000;1300;9618323225;B
20240216;100415;60.385000000;500;9618323226;B
20240216;100415;60.390000000;500;9618323227;B
20240216;100415;60.390000000;1300;9618323228;B
20240216;100415;60.390000000;100;9618323229;B
20240216;100415;60.395000000;1800;9618323230;B
20240216;100415;60.395000000;1300;9618323231;B
20240216;100418;60.400000000;100;9618323640;B
20240216;100418;60.400000000;100;9618323641;B
20240216;100418;60.400000000;700;9618323642;B
20240216;100418;60.400000000;100;9618323643;B
20240216;100418;60.400000000;500;9618323644;B
20240216;100418;60.400000000;100;9618323645;B
20240216;100418;60.400000000;1000;9618323646;B
20240216;100418;60.400000000;1000;9618323647;B
20240216;100418;60.400000000;6400;9618323648;B
20240216;100418;60.400000000;3600;9618323773;B
20240216;100418;60.400000000;100;9618323774;B
20240216;100420;60.405000000;100;9618324007;B
20240216;100420;60.405000000;100;9618324008;B
20240216;100420;60.405000000;100;9618324009;B
20240216;100420;60.410000000;1300;9618324017;B
20240216;100420;60.415000000;300;9618324018;B
20240216;100420;60.410000000;1000;9618324058;B
20240216;100421;60.405000000;200;9618324210;S
20240216;100422;60.410000000;300;9618324388;B
20240216;100422;60.415000000;1900;9618324389;B
20240216;100422;60.415000000;2000;9618324390;B
20240216;100422;60.415000000;600;9618324391;B
20240216;100422;60.415000000;1300;9618324392;B
20240216;100422;60.420000000;3300;9618324393;B
20240216;100422;60.420000000;600;9618324394;B
20240216;100422;60.415000000;1300;9618324396;B
20240216;100422;60.420000000;2700;9618324397;B
20240216;100422;60.420000000;21000;9618324398;B
20240216;100422;60.410000000;1800;9618324491;S
20240216;100422;60.405000000;3200;9618324492;S
20240216;100422;60.405000000;600;9618324493;S
20240216;100422;60.405000000;1000;9618324494;S
20240216;100422;60.400000000;1400;9618324495;S
20240216;100422;60.415000000;900;9618324547;B
20240216;100422;60.420000000;300;9618324615;B
20240216;100423;60.420000000;400;9618324625;B
20240216;100423;60.420000000;1200;9618324627;B
20240216;100423;60.405000000;3400;9618324628;S
20240216;100423;60.405000000;800;9618324629;S
20240216;100423;60.420000000;100;9618324715;B
20240216;100424;60.420000000;1000;9618324783;B
20240216;100424;60.415000000;1200;9618324842;B
20240216;100424;60.420000000;2100;9618324843;B
20240216;100424;60.420000000;100;9618324844;B
20240216;100424;60.420000000;1600;9618324845;B
20240216;100424;60.420000000;8400;9618324869;B
20240216;100424;60.420000000;1300;9618324870;B
20240216;100424;60.425000000;100;9618324871;B
20240216;100424;60.425000000;1300;9618324872;B
20240216;100424;60.425000000;600;9618324873;B
20240216;100424;60.430000000;13300;9618324874;B
20240216;100425;60.410000000;300;9618324921;S
20240216;100425;60.405000000;100;9618324922;S
20240216;100425;60.405000000;3400;9618324923;S
20240216;100425;60.405000000;600;9618324924;S
20240216;100425;60.405000000;500;9618324925;S
20240216;100425;60.405000000;100;9618324926;B
20240216;100426;60.430000000;500;9618325071;B
20240216;100427;60.430000000;8000;9618325219;B
20240216;100429;60.430000000;8200;9618325628;B
20240216;100429;60.430000000;100;9618325629;B
20240216;100429;60.435000000;500;9618325630;B
20240216;100429;60.435000000;1000;9618325631;B
20240216;100429;60.435000000;100;9618325632;B
20240216;100429;60.435000000;600;9618325633;B
20240216;100429;60.435000000;500;9618325634;B
20240216;100429;60.440000000;1600;9618325635;B
20240216;100429;60.440000000;1300;9618325636;B
20240216;100429;60.445000000;500;9618325637;B
20240216;100429;60.445000000;20000;9618325638;B
20240216;100429;60.445000000;700;9618325639;B
20240216;100429;60.445000000;100;9618325640;B
20240216;100429;60.445000000;100;9618325641;B
20240216;100429;60.445000000;200;9618325642;B
20240216;100429;60.445000000;1300;9618325643;B
20240216;100429;60.450000000;100;9618325644;B
20240216;100429;60.450000000;100;9618325645;B
20240216;100429;60.450000000;100;9618325646;B
20240216;100429;60.450000000;100;9618325647;B
20240216;100429;60.450000000;2200;9618325648;B
20240216;100429;60.450000000;100;9618325649;B
20240216;100429;60.450000000;12000;9618325650;B
20240216;100429;60.450000000;100;9618325674;B
20240216;100429;60.430000000;400;9618325681;S
20240216;100429;60.425000000;600;9618325682;S
20240216;100429;60.425000000;100;9618325683;S
20240216;100429;60.425000000;100;9618325684;S
20240216;100429;60.425000000;100;9618325685;S
20240216;100429;60.425000000;100;9618325686;S
20240216;100429;60.425000000;500;9618325687;S
20240216;100429;60.420000000;100;9618325688;S
20240216;100429;60.445000000;4000;9618325703;B
20240216;100429;60.445000000;300;9618325705;B
20240216;100430;60.445000000;1500;9618325708;B
20240216;100430;60.445000000;500;9618325826;B
20240216;100430;60.445000000;100;9618325827;B
20240216;100432;60.450000000;300;9618326086;B
20240216;100433;60.440000000;100;9618326138;S
20240216;100435;60.445000000;100;9618326385;S
20240216;100435;60.440000000;100;9618326406;S
20240216;100435;60.440000000;1400;9618326436;B
20240216;100435;60.440000000;100;9618326437;B
20240216;100436;60.445000000;3900;9618326539;B
20240216;100436;60.445000000;600;9618326540;B
20240216;100436;60.445000000;2500;9618326541;B
20240216;100436;60.450000000;17600;9618326542;B
20240216;100436;60.450000000;100;9618326543;B
20240216;100436;60.450000000;100;9618326544;B
20240216;100436;60.450000000;400;9618326545;B
20240216;100436;60.450000000;100;9618326546;B
20240216;100436;60.450000000;2500;9618326547;B
20240216;100436;60.450000000;1000;9618326548;B
20240216;100436;60.450000000;2000;9618326549;B
20240216;100436;60.450000000;2200;9618326550;B
20240216;100436;60.450000000;100;9618326551;B
20240216;100436;60.450000000;100;9618326555;S
20240216;100438;60.450000000;3000;9618326832;S
20240216;100438;60.450000000;1500;9618326866;S
20240216;100439;60.455000000;100;9618326903;B
20240216;100439;60.455000000;600;9618326957;B
20240216;100439;60.455000000;700;9618326958;B
20240216;100439;60.460000000;3000;9618326959;B
20240216;100439;60.460000000;5000;9618326960;B
20240216;100439;60.460000000;100;9618326961;B
20240216;100439;60.460000000;600;9618326962;B
20240216;100439;60.460000000;700;9618326974;B
20240216;100439;60.460000000;200;9618326975;B
20240216;100439;60.465000000;500;9618326976;B
20240216;100439;60.465000000;100;9618326977;B
20240216;100439;60.465000000;100;9618326978;B
20240216;100439;60.465000000;400;9618326979;B
20240216;100439;60.455000000;100;9618327002;S
20240216;100439;60.465000000;100;9618327006;B
20240216;100439;60.455000000;100;9618327012;S
20240216;100440;60.470000000;100;9618327063;B
20240216;100440;60.470000000;100;9618327064;B
20240216;100440;60.470000000;1000;9618327065;B
20240216;100441;60.470000000;300;9618327256;B
20240216;100441;60.470000000;3300;9618327257;B
20240216;100441;60.470000000;1400;9618327258;B
20240216;100442;60.470000000;300;9618327411;S
20240216;100444;60.475000000;100;9618327678;B
20240216;100444;60.475000000;100;9618327679;B
20240216;100445;60.475000000;1000;9618327807;B
20240216;100445;60.470000000;1000;9618327822;S
20240216;100446;60.470000000;1700;9618327907;S
20240216;100446;60.470000000;200;9618328009;S
20240216;100447;60.470000000;800;9618328108;S
20240216;100447;60.475000000;200;9618328135;B
20240216;100447;60.475000000;3200;9618328136;B
20240216;100447;60.475000000;500;9618328143;B
20240216;100447;60.475000000;3500;9618328144;B
20240216;100449;60.475000000;300;9618328441;B
20240216;100449;60.475000000;1000;9618328449;B
20240216;100449;60.475000000;5500;9618328470;B
20240216;100449;60.470000000;15000;9618328527;S
20240216;100451;60.475000000;300;9618328824;B
20240216;100451;60.475000000;3300;9618328854;B
20240216;100451;60.475000000;500;9618328855;B
20240216;100451;60.475000000;1300;9618328856;B
20240216;100451;60.475000000;4100;9618328857;B
20240216;100451;60.480000000;2000;9618328858;B
20240216;100451;60.480000000;500;9618328859;B
20240216;100451;60.480000000;2400;9618328860;B
20240216;100451;60.470000000;200;9618328901;S
20240216;100451;60.470000000;1000;9618328910;S
20240216;100452;60.475000000;1300;9618328980;B
20240216;100452;60.475000000;700;9618328981;B
20240216;100452;60.480000000;600;9618328982;B
20240216;100452;60.480000000;100;9618328983;B
20240216;100452;60.480000000;200;9618328984;B
20240216;100452;60.480000000;100;9618328985;B
20240216;100452;60.480000000;1000;9618328986;B
20240216;100452;60.480000000;1100;9618328987;B
20240216;100452;60.475000000;100;9618328990;B
20240216;100452;60.470000000;2800;9618328992;S
20240216;100452;60.470000000;1000;9618328993;S
20240216;100452;60.470000000;100;9618328994;S
20240216;100452;60.470000000;700;9618328995;S
20240216;100452;60.460000000;400;9618328996;S
20240216;100455;60.460000000;100;9618329421;S
20240216;100455;60.460000000;200;9618329590;S
20240216;100455;60.460000000;2200;9618329693;S
20240216;100455;60.455000000;700;9618329694;S
20240216;100455;60.450000000;500;9618329695;S
20240216;100456;60.470000000;3400;9618329742;B
20240216;100456;60.470000000;700;9618329743;B
20240216;100456;60.470000000;300;9618329744;B
20240216;100456;60.470000000;100;9618329745;B
20240216;100456;60.475000000;12000;9618329746;B
20240216;100456;60.480000000;200;9618329747;B
20240216;100456;60.480000000;2000;9618329748;B
20240216;100456;60.480000000;1300;9618329749;B
20240216;100456;60.475000000;300;9618329801;B
20240216;100456;60.480000000;1500;9618329802;B
20240216;100458;60.480000000;600;9618329969;B
20240216;100458;60.480000000;400;9618329993;B
20240216;100458;60.480000000;9600;9618329994;B
20240216;100459;60.470000000;100;9618330113;S
20240216;100459;60.470000000;200;9618330114;S
20240216;100459;60.465000000;700;9618330115;S
20240216;100459;60.455000000;100;9618330116;S
20240216;100459;60.455000000;3400;9618330117;S
20240216;100459;60.455000000;500;9618330118;S
20240216;100459;60.455000000;3400;9618330134;S
20240216;100459;60.450000000;6600;9618330135;S
20240216;100500;60.470000000;700;9618330244;B
20240216;100500;60.470000000;200;9618330245;B
20240216;100500;60.475000000;2000;9618330246;B
20240216;100500;60.480000000;400;9618330247;B
20240216;100500;60.480000000;2000;9618330248;B
20240216;100500;60.480000000;3400;9618330249;B
20240216;100500;60.485000000;500;9618330250;B
20240216;100500;60.485000000;400;9618330251;B
20240216;100500;60.485000000;100;9618330252;B
20240216;100500;60.485000000;700;9618330253;B
20240216;100500;60.485000000;700;9618330254;B
20240216;100500;60.485000000;100;9618330255;B
20240216;100500;60.485000000;200;9618330256;B
20240216;100500;60.485000000;1300;9618330257;B
20240216;100500;60.485000000;100;9618330258;B
20240216;100500;60.485000000;1000;9618330259;B
20240216;100500;60.485000000;3000;9618330260;B
20240216;100500;60.485000000;3000;9618330261;B
20240216;100500;60.490000000;100;9618330262;B
20240216;100500;60.490000000;100;9618330263;B
20240216;100500;60.490000000;10000;9618330264;B
20240216;100500;60.490000000;2500;9618330265;B
20240216;100500;60.490000000;84200;9618330266;B
20240216;100500;60.490000000;4000;9618330267;B
20240216;100500;60.490000000;30000;9618330268;B
20240216;100500;60.490000000;300;9618330269;B
20240216;100500;60.490000000;2000;9618330270;B
20240216;100500;60.490000000;2000;9618330271;B
20240216;100500;60.490000000;100;9618330272;B
20240216;100500;60.490000000;1300;9618330273;B
20240216;100500;60.495000000;100;9618330274;B
20240216;100500;60.495000000;200;9618330275;B
20240216;100500;60.495000000;100;9618330276;B
20240216;100500;60.495000000;100;9618330277;B
20240216;100500;60.495000000;100;9618330278;B
20240216;100500;60.495000000;500;9618330279;B
20240216;100500;60.495000000;100;9618330280;B
20240216;100500;60.495000000;500;9618330281;B
20240216;100500;60.495000000;500;9618330282;B
20240216;100500;60.495000000;1300;9618330283;B
20240216;100500;60.495000000;4100;9618330284;B
20240216;100500;60.500000000;100;9618330285;B
20240216;100500;60.500000000;100;9618330286;B
20240216;100500;60.500000000;100;9618330287;B
20240216;100500;60.500000000;100;9618330288;B
20240216;100500;60.500000000;100;9618330289;B
20240216;100500;60.500000000;2000;9618330290;B
20240216;100500;60.500000000;100;9618330291;B
20240216;100500;60.500000000;100;9618330292;B
20240216;100500;60.500000000;300;9618330293;B
20240216;100500;60.500000000;100;9618330294;B
20240216;100500;60.500000000;100;9618330295;B
20240216;100500;60.500000000;32800;9618330296;B
20240216;100500;60.470000000;500;9618330318;S
20240216;100500;60.460000000;500;9618330319;S
20240216;100500;60.480000000;200;9618330323;B
20240216;100500;60.480000000;100;9618330363;B
20240216;100500;60.460000000;200;9618330364;S
20240216;100500;60.460000000;200;9618330369;S
20240216;100501;60.460000000;400;9618330381;S
20240216;100501;60.460000000;2700;9618330382;S
20240216;100501;60.455000000;1300;9618330383;S
20240216;100501;60.455000000;600;9618330384;S
20240216;100501;60.470000000;100;9618330414;S
20240216;100501;60.470000000;500;9618330422;S
20240216;100501;60.480000000;200;9618330423;B
20240216;100501;60.470000000;800;9618330425;S
20240216;100501;60.480000000;200;9618330433;B
20240216;100501;60.490000000;500;9618330434;B
20240216;100501;60.490000000;100;9618330435;B
20240216;100501;60.490000000;900;9618330436;B
20240216;100501;60.470000000;2000;9618330439;S
20240216;100501;60.490000000;1000;9618330447;B
20240216;100501;60.485000000;100;9618330473;B
20240216;100501;60.470000000;500;9618330479;S
20240216;100501;60.485000000;100;9618330486;B
20240216;100501;60.485000000;200;9618330505;B
20240216;100501;60.485000000;500;9618330508;B
20240216;100501;60.485000000;2500;9618330512;B
20240216;100501;60.490000000;1000;9618330513;B
20240216;100501;60.490000000;400;9618330514;B
20240216;100501;60.490000000;1400;9618330515;B
20240216;100501;60.495000000;4000;9618330516;B
20240216;100501;60.495000000;500;9618330517;B
20240216;100501;60.495000000;800;9618330518;B
20240216;100501;60.495000000;500;9618330519;B
20240216;100501;60.495000000;600;9618330520;B
20240216;100501;60.495000000;200;9618330521;B
20240216;100501;60.500000000;8100;9618330522;B
20240216;100501;60.490000000;400;9618330526;B
20240216;100502;60.495000000;300;9618330594;B
20240216;100502;60.495000000;700;9618330595;B
20240216;100502;60.495000000;3400;9618330596;B
20240216;100502;60.500000000;600;9618330597;B
20240216;100502;60.500000000;8500;9618330598;B
20240216;100502;60.500000000;100;9618330599;B
20240216;100502;60.500000000;300;9618330600;B
20240216;100502;60.500000000;100;9618330601;B
20240216;100502;60.500000000;200;9618330602;B
20240216;100502;60.500000000;100;9618330603;B
20240216;100502;60.500000000;200;9618330604;B
20240216;100502;60.500000000;100;9618330605;B
20240216;100502;60.500000000;1500;9618330606;B
20240216;100502;60.500000000;100;9618330607;B
20240216;100502;60.500000000;100;9618330608;B
20240216;100502;60.500000000;100;9618330609;B
20240216;100502;60.500000000;200;9618330610;B
20240216;100502;60.500000000;100;9618330611;B
20240216;100502;60.500000000;1000;9618330612;B
20240216;100502;60.500000000;1000;9618330613;B
20240216;100502;60.500000000;6300;9618330614;B
20240216;100502;60.495000000;3400;9618330617;B
20240216;100502;60.500000000;6600;9618330618;B
20240216;100502;60.500000000;2000;9618330661;B
20240216;100502;60.495000000;100;9618330680;B
20240216;100503;60.500000000;13500;9618330734;B
20240216;100503;60.500000000;100;9618330735;B
20240216;100503;60.500000000;200;9618330736;B
20240216;100503;60.500000000;1000;9618330737;B
20240216;100503;60.500000000;100;9618330738;B
20240216;100503;60.500000000;100;9618330739;B
20240216;100503;60.500000000;100;9618330740;B
20240216;100503;60.500000000;2000;9618330741;B
20240216;100503;60.500000000;2800;9618330742;B
20240216;100503;60.500000000;100;9618330743;B
20240216;100503;60.500000000;2500;9618330746;B
20240216;100503;60.500000000;20000;9618330762;B
20240216;100503;60.500000000;20000;9618330764;B
20240216;100503;60.500000000;2000;9618330848;B
20240216;100503;60.500000000;20000;9618330855;B
20240216;100503;60.500000000;35400;9618330857;B
20240216;100503;60.500000000;100;9618330858;B
20240216;100503;60.500000000;2000;9618330859;B
20240216;100503;60.500000000;1500;9618330860;B
20240216;100503;60.500000000;100;9618330861;B
20240216;100503;60.500000000;100;9618330862;B
20240216;100503;60.500000000;200;9618330863;B
20240216;100503;60.500000000;500;9618330864;B
20240216;100503;60.500000000;100;9618330865;B
20240216;100503;60.500000000;200;9618330866;B
20240216;100503;60.500000000;800;9618330867;B
20240216;100503;60.500000000;100;9618330868;B
20240216;100503;60.500000000;200;9618330869;B
20240216;100503;60.500000000;500;9618330870;B
20240216;100503;60.500000000;100;9618330871;B
20240216;100503;60.500000000;2000;9618330872;B
20240216;100503;60.500000000;300;9618330873;B
20240216;100503;60.500000000;200;9618330874;B
20240216;100503;60.500000000;500;9618330875;B
20240216;100503;60.500000000;600;9618330876;B
20240216;100503;60.500000000;2000;9618330877;B
20240216;100503;60.500000000;3700;9618330878;B
20240216;100503;60.500000000;200;9618330879;B
20240216;100503;60.500000000;1300;9618330880;B
20240216;100503;60.500000000;500;9618330881;B
20240216;100503;60.500000000;300;9618330882;B
20240216;100503;60.500000000;1700;9618330885;B
20240216;100503;60.500000000;300;9618330886;B
20240216;100503;60.500000000;300;9618330894;B
20240216;100503;60.500000000;100;9618330895;B
20240216;100503;60.500000000;200;9618330906;B
20240216;100503;60.500000000;300;9618330907;B
20240216;100503;60.500000000;500;9618330908;B
20240216;100503;60.505000000;500;9618330909;B
20240216;100503;60.505000000;100;9618330910;B
20240216;100503;60.505000000;300;9618330911;B
20240216;100503;60.510000000;17000;9618330912;B
20240216;100503;60.510000000;100;9618330913;B
20240216;100503;60.510000000;1000;9618330914;B
20240216;100503;60.510000000;700;9618330915;B
20240216;100503;60.510000000;300;9618330916;B
20240216;100503;60.505000000;900;9618330917;S
20240216;100503;60.505000000;2000;9618330919;B
20240216;100504;60.505000000;300;9618330930;B
20240216;100504;60.505000000;800;9618330952;B
20240216;100504;60.510000000;18300;9618330953;B
20240216;100504;60.510000000;900;9618330954;B
20240216;100504;60.505000000;100;9618331003;B
20240216;100504;60.510000000;300;9618331004;B
20240216;100504;60.510000000;1100;9618331049;B
20240216;100504;60.510000000;700;9618331050;B
20240216;100504;60.510000000;200;9618331051;B
20240216;100504;60.510000000;2500;9618331058;B
20240216;100504;60.510000000;500;9618331082;B
20240216;100505;60.510000000;1000;9618331169;B
20240216;100505;60.510000000;400;9618331228;B
20240216;100505;60.515000000;600;9618331229;B
20240216;100505;60.515000000;100;9618331230;B
20240216;100505;60.515000000;1500;9618331231;B
20240216;100506;60.505000000;2500;9618331391;S
20240216;100506;60.510000000;100;9618331392;B
20240216;100508;60.510000000;100;9618331735;B
20240216;100508;60.510000000;200;9618331736;B
20240216;100508;60.510000000;100;9618331827;B
20240216;100508;60.515000000;800;9618331828;B
20240216;100508;60.515000000;10000;9618331829;B
20240216;100508;60.515000000;400;9618331830;B
20240216;100508;60.520000000;100;9618331831;B
20240216;100508;60.525000000;500;9618331832;B
20240216;100508;60.525000000;100;9618331833;B
20240216;100508;60.525000000;1000;9618331834;B
20240216;100508;60.525000000;500;9618331835;B
20240216;100508;60.530000000;100;9618331836;B
20240216;100508;60.530000000;500;9618331837;B
20240216;100508;60.535000000;1300;9618331838;B
20240216;100508;60.535000000;400;9618331839;B
20240216;100508;60.540000000;100;9618331840;B
20240216;100508;60.540000000;100;9618331841;B
20240216;100508;60.540000000;300;9618331842;B
20240216;100508;60.540000000;1300;9618331843;B
20240216;100508;60.540000000;5000;9618331844;B
20240216;100508;60.540000000;4100;9618331845;B
20240216;100508;60.540000000;3400;9618331846;B
20240216;100508;60.545000000;500;9618331847;B
20240216;100508;60.545000000;5000;9618331848;B
20240216;100508;60.545000000;100;9618331849;B
20240216;100508;60.545000000;2400;9618331850;B
20240216;100508;60.545000000;5000;9618331851;B
20240216;100508;60.545000000;4000;9618331852;B
20240216;100508;60.545000000;500;9618331853;B
20240216;100508;60.545000000;1300;9618331854;B
20240216;100508;60.550000000;400;9618331855;B
20240216;100508;60.550000000;100;9618331856;B
20240216;100508;60.550000000;1000;9618331857;B
20240216;100508;60.550000000;500;9618331858;B
20240216;100508;60.550000000;30000;9618331859;B
20240216;100508;60.550000000;2000;9618331860;B
20240216;100508;60.555000000;100;9618331861;B
20240216;100508;60.555000000;67000;9618331862;B
20240216;100508;60.555000000;1300;9618331864;B
20240216;100509;60.520000000;100;9618331885;S
20240216;100509;60.555000000;1700;9618331887;B
20240216;100509;60.555000000;100;9618331888;B
20240216;100509;60.555000000;100;9618331889;B
20240216;100509;60.555000000;100;9618331890;B
20240216;100509;60.555000000;4000;9618331891;B
20240216;100509;60.560000000;200;9618331892;B
20240216;100509;60.565000000;1000;9618331893;B
20240216;100509;60.565000000;500;9618331894;B
20240216;100509;60.565000000;12300;9618331895;B
20240216;100509;60.535000000;100;9618331901;S
20240216;100509;60.535000000;200;9618331993;S
20240216;100509;60.535000000;200;9618332017;S
20240216;100509;60.525000000;800;9618332018;S
20240216;100509;60.525000000;2300;9618332019;S
20240216;100510;60.540000000;100;9618332036;B
20240216;100510;60.520000000;200;9618332037;S
20240216;100510;60.535000000;100;9618332046;B
20240216;100510;60.540000000;2000;9618332194;B
20240216;100510;60.550000000;800;9618332195;B
20240216;100510;60.550000000;100;9618332196;B
20240216;100510;60.550000000;3000;9618332197;B
20240216;100510;60.560000000;4000;9618332198;B
20240216;100510;60.565000000;17700;9618332199;B
20240216;100510;60.565000000;4100;9618332200;B
20240216;100510;60.565000000;1200;9618332201;S
20240216;100511;60.565000000;300;9618332223;S
20240216;100511;60.570000000;100;9618332283;B
20240216;100512;60.570000000;100;9618332376;B
20240216;100512;60.570000000;100;9618332377;B
20240216;100512;60.570000000;400;9618332381;B
20240216;100512;60.565000000;900;9618332419;S
20240216;100512;60.575000000;500;9618332422;B
20240216;100513;60.565000000;100;9618332494;S
20240216;100513;60.570000000;1000;9618332533;B
20240216;100513;60.570000000;1200;9618332534;B
20240216;100513;60.565000000;15800;9618332630;S
20240216;100513;60.565000000;2500;9618332631;S
20240216;100513;60.540000000;100;9618332634;S
20240216;100514;60.550000000;400;9618332685;B
20240216;100514;60.550000000;100;9618332958;B
20240216;100515;60.545000000;100;9618333095;B
20240216;100515;60.545000000;100;9618333096;B
20240216;100515;60.545000000;100;9618333159;B
20240216;100515;60.545000000;600;9618333160;B
20240216;100516;60.540000000;400;9618333186;S
20240216;100516;60.535000000;100;9618333187;S
20240216;100517;60.520000000;100;9618333376;S
20240216;100520;60.530000000;800;9618333730;B
20240216;100520;60.530000000;3400;9618333731;B
20240216;100520;60.535000000;200;9618333732;B
20240216;100520;60.535000000;2000;9618333733;B
20240216;100520;60.535000000;1300;9618333734;B
20240216;100520;60.540000000;100;9618333735;B
20240216;100520;60.540000000;1300;9618333736;B
20240216;100520;60.540000000;4100;9618333737;B
20240216;100520;60.545000000;3000;9618333738;B
20240216;100520;60.545000000;1300;9618333739;B
20240216;100520;60.545000000;2000;9618333740;B
20240216;100520;60.550000000;2000;9618333741;B
20240216;100520;60.550000000;15000;9618333742;B
20240216;100520;60.555000000;500;9618333743;B
20240216;100520;60.555000000;500;9618333744;B
20240216;100520;60.560000000;2000;9618333745;B
20240216;100520;60.570000000;500;9618333746;B
20240216;100520;60.525000000;300;9618333872;S
20240216;100521;60.520000000;300;9618334171;S
20240216;100521;60.520000000;100;9618334172;S
20240216;100523;60.520000000;600;9618334341;B
20240216;100523;60.530000000;3400;9618334342;B
20240216;100523;60.530000000;800;9618334343;B
20240216;100523;60.535000000;10000;9618334344;B
20240216;100523;60.540000000;200;9618334345;B
20240216;100523;60.515000000;800;9618334346;S
20240216;100523;60.515000000;500;9618334347;S
20240216;100523;60.505000000;1300;9618334348;S
20240216;100523;60.500000000;1300;9618334349;S
20240216;100523;60.500000000;1000;9618334350;S
20240216;100523;60.500000000;200;9618334351;B
20240216;100523;60.500000000;4900;9618334352;B
20240216;100523;60.550000000;100;9618334370;B
20240216;100523;60.550000000;2900;9618334371;B
20240216;100523;60.500000000;6000;9618334387;S
20240216;100523;60.500000000;1100;9618334455;B
20240216;100526;60.500000000;500;9618334791;B
20240216;100526;60.490000000;100;9618334808;S
20240216;100526;60.495000000;100;9618334820;B
20240216;100526;60.495000000;2000;9618334821;B
20240216;100526;60.480000000;100;9618334833;S
20240216;100526;60.480000000;100;9618334834;S
20240216;100527;60.480000000;1100;9618334920;S
20240216;100527;60.475000000;4500;9618334921;S
20240216;100527;60.475000000;2000;9618334922;S
20240216;100527;60.475000000;400;9618334923;S
20240216;100527;60.475000000;1300;9618334969;S
20240216;100527;60.475000000;100;9618334970;S
20240216;100527;60.475000000;700;9618334971;S
20240216;100527;60.475000000;1900;9618334972;S
20240216;100527;60.495000000;800;9618335012;B
20240216;100528;60.480000000;1000;9618335161;B
20240216;100528;60.475000000;100;9618335162;S
20240216;100528;60.470000000;600;9618335163;S
20240216;100528;60.470000000;8600;9618335164;B
20240216;100528;60.470000000;700;9618335193;B
20240216;100529;60.490000000;400;9618335274;B
20240216;100530;60.475000000;400;9618335372;S
20240216;100530;60.490000000;2000;9618335402;B
20240216;100530;60.495000000;500;9618335403;B
20240216;100530;60.495000000;1100;9618335404;B
20240216;100531;60.500000000;9500;9618335596;B
20240216;100531;60.500000000;1700;9618335597;B
20240216;100531;60.505000000;5500;9618335598;B
20240216;100531;60.505000000;700;9618335599;B
20240216;100531;60.505000000;3000;9618335600;B
20240216;100531;60.520000000;1500;9618335601;B
20240216;100531;60.520000000;100;9618335602;B
20240216;100534;60.515000000;1000;9618336036;B
20240216;100534;60.515000000;900;9618336037;B
20240216;100537;60.490000000;500;9618336379;S
20240216;100537;60.490000000;1000;9618336394;S
20240216;100537;60.485000000;2800;9618336395;S
20240216;100537;60.485000000;200;9618336396;B
20240216;100537;60.485000000;1400;9618336536;S
20240216;100537;60.480000000;700;9618336537;S
20240216;100537;60.480000000;900;9618336538;S
20240216;100538;60.485000000;700;9618336618;S
20240216;100538;60.480000000;1100;9618336619;S
20240216;100538;60.480000000;100;9618336620;S
20240216;100538;60.475000000;1600;9618336621;S
20240216;100538;60.475000000;6500;9618336622;S
20240216;100538;60.475000000;3500;9618336656;S
20240216;100538;60.475000000;700;9618336657;S
20240216;100538;60.475000000;400;9618336658;S
20240216;100539;60.505000000;100;9618336708;B
20240216;100539;60.505000000;100;9618336760;B
20240216;100540;60.500000000;100;9618336850;B
20240216;100540;60.500000000;100;9618336856;S
20240216;100540;60.505000000;200;9618336861;B
20240216;100541;60.500000000;10000;9618336867;S
20240216;100541;60.505000000;100;9618336913;B
20240216;100541;60.505000000;500;9618336958;B
20240216;100541;60.505000000;700;9618336959;B
20240216;100541;60.505000000;1800;9618336960;B
20240216;100542;60.505000000;300;9618337036;B
20240216;100542;60.505000000;1000;9618337039;B
20240216;100543;60.505000000;700;9618337186;B
20240216;100543;60.505000000;6200;9618337198;B
20240216;100543;60.510000000;700;9618337199;B
20240216;100543;60.515000000;2500;9618337200;B
20240216;100543;60.515000000;100;9618337201;B
20240216;100543;60.515000000;500;9618337202;B
20240216;100543;60.520000000;1200;9618337203;B
20240216;100543;60.520000000;500;9618337204;B
20240216;100543;60.520000000;2500;9618337205;B
20240216;100543;60.520000000;200;9618337206;B
20240216;100543;60.520000000;3000;9618337207;B
20240216;100543;60.525000000;1300;9618337208;B
20240216;100543;60.530000000;1300;9618337209;B
20240216;100543;60.530000000;5000;9618337210;B
20240216;100543;60.505000000;700;9618337253;S
20240216;100543;60.505000000;500;9618337254;S
20240216;100543;60.500000000;8800;9618337255;S
20240216;100544;60.520000000;100;9618337398;B
20240216;100546;60.515000000;100;9618337677;S
20240216;100547;60.520000000;1900;9618337836;B
20240216;100547;60.520000000;800;9618337837;B
20240216;100548;60.520000000;200;9618337919;B
20240216;100549;60.515000000;1000;9618338111;S
20240216;100551;60.520000000;1500;9618338283;B
20240216;100551;60.525000000;700;9618338284;B
20240216;100551;60.525000000;1000;9618338285;B
20240216;100552;60.515000000;100;9618338341;S
20240216;100553;60.520000000;100;9618338538;B
20240216;100553;60.520000000;100;9618338613;B
20240216;100554;60.520000000;500;9618338688;B
20240216;100554;60.520000000;2000;9618338689;B
20240216;100554;60.515000000;3800;9618338700;S
20240216;100554;60.515000000;200;9618338728;B
20240216;100556;60.505000000;100;9618338860;S
20240216;100556;60.500000000;100;9618338861;S
20240216;100556;60.500000000;200;9618338895;S
20240216;100556;60.500000000;700;9618338898;S
20240216;100556;60.500000000;300;9618338899;S
20240216;100557;60.500000000;400;9618338971;S
20240216;100557;60.500000000;1000;9618338972;S
20240216;100557;60.495000000;700;9618338973;S
20240216;100557;60.490000000;300;9618338974;S
20240216;100558;60.505000000;300;9618339096;S
20240216;100558;60.515000000;100;9618339106;B
20240216;100558;60.515000000;100;9618339153;B
20240216;100558;60.505000000;5000;9618339165;S
20240216;100558;60.505000000;100;9618339173;S
20240216;100559;60.505000000;4600;9618339301;S
20240216;100559;60.500000000;3000;9618339302;B
20240216;100601;60.495000000;700;9618339575;B
20240216;100601;60.500000000;100;9618339576;B
20240216;100601;60.500000000;200;9618339577;B
20240216;100602;60.480000000;2000;9618339699;S
20240216;100603;60.480000000;300;9618339838;S
20240216;100604;60.480000000;100;9618339920;S
20240216;100604;60.490000000;200;9618339949;B
20240216;100604;60.495000000;700;9618339950;B
20240216;100604;60.500000000;3100;9618339951;B
20240216;100604;60.500000000;100;9618339952;B
20240216;100604;60.500000000;500;9618339974;B
20240216;100605;60.500000000;46100;9618340075;B
20240216;100605;60.500000000;3000;9618340076;B
20240216;100605;60.505000000;2000;9618340077;B
20240216;100605;60.505000000;700;9618340078;B
20240216;100605;60.510000000;500;9618340079;B
20240216;100605;60.510000000;200;9618340080;B
20240216;100605;60.515000000;800;9618340081;B
20240216;100605;60.515000000;100;9618340082;B
20240216;100605;60.515000000;2000;9618340083;B
20240216;100605;60.520000000;1300;9618340084;B
20240216;100605;60.520000000;1500;9618340085;B
20240216;100605;60.525000000;2000;9618340086;B
20240216;100605;60.525000000;7400;9618340087;B
20240216;100605;60.525000000;1300;9618340088;B
20240216;100605;60.530000000;1300;9618340089;B
20240216;100605;60.530000000;1500;9618340090;B
20240216;100605;60.530000000;1000;9618340091;B
20240216;100605;60.535000000;2500;9618340092;B
20240216;100605;60.535000000;2000;9618340093;B
20240216;100605;60.535000000;1000;9618340094;B
20240216;100605;60.535000000;4100;9618340095;B
20240216;100605;60.540000000;500;9618340096;B
20240216;100605;60.545000000;2000;9618340097;B
20240216;100605;60.545000000;10000;9618340098;B
20240216;100605;60.550000000;200;9618340099;B
20240216;100605;60.550000000;100;9618340100;B
20240216;100605;60.550000000;100;9618340101;B
20240216;100605;60.555000000;2000;9618340102;B
20240216;100605;60.555000000;100;9618340103;B
20240216;100605;60.560000000;1000;9618340104;B
20240216;100605;60.565000000;2000;9618340105;B
20240216;100605;60.565000000;500;9618340106;B
20240216;100605;60.565000000;1000;9618340107;B
20240216;100605;60.565000000;6000;9618340108;B
20240216;100605;60.565000000;1000;9618340109;B
20240216;100605;60.570000000;2800;9618340110;B
20240216;100605;60.570000000;100;9618340111;B
20240216;100605;60.570000000;38300;9618340112;B
20240216;100606;60.505000000;300;9618340244;S
20240216;100606;60.500000000;4700;9618340245;B
20240216;100606;60.500000000;100;9618340290;B
20240216;100606;60.495000000;300;9618340343;S
20240216;100606;60.495000000;100;9618340344;S
20240216;100606;60.495000000;100;9618340345;S
20240216;100606;60.495000000;100;9618340346;S
20240216;100606;60.490000000;400;9618340347;S
20240216;100606;60.490000000;200;9618340348;S
20240216;100606;60.490000000;100;9618340349;S
20240216;100606;60.490000000;100;9618340350;S
20240216;100606;60.490000000;100;9618340351;S
20240216;100607;60.490000000;300;9618340354;S
20240216;100607;60.490000000;100;9618340355;S
20240216;100607;60.490000000;500;9618340356;S
20240216;100607;60.490000000;500;9618340357;S
20240216;100607;60.485000000;1500;9618340358;S
20240216;100607;60.485000000;100;9618340359;S
20240216;100607;60.500000000;100;9618340360;B
20240216;100607;60.510000000;500;9618340494;B
20240216;100608;60.510000000;200;9618340509;B
20240216;100609;60.510000000;2000;9618340647;B
20240216;100609;60.515000000;600;9618340648;B
20240216;100609;60.525000000;3000;9618340649;B
20240216;100609;60.540000000;2000;9618340665;B
20240216;100609;60.540000000;500;9618340666;B
20240216;100609;60.525000000;100;9618340691;S
20240216;100609;60.525000000;100;9618340736;S
20240216;100610;60.525000000;100;9618340827;S
20240216;100610;60.525000000;100;9618340860;S
20240216;100610;60.525000000;100;9618340865;S
20240216;100610;60.525000000;200;9618340894;S
20240216;100610;60.525000000;100;9618340895;S
20240216;100611;60.540000000;100;9618340905;B
20240216;100611;60.525000000;100;9618340960;S
20240216;100612;60.525000000;300;9618341144;S
20240216;100613;60.525000000;100;9618341185;S
20240216;100613;60.525000000;100;9618341208;S
20240216;100613;60.525000000;2500;9618341246;S
20240216;100613;60.525000000;100;9618341292;S
20240216;100613;60.525000000;400;9618341293;S
20240216;100614;60.510000000;200;9618341531;S
20240216;100615;60.510000000;2600;9618341562;S
20240216;100615;60.515000000;100;9618341566;B
20240216;100615;60.515000000;100;9618341639;B
20240216;100615;60.515000000;300;9618341648;B
20240216;100615;60.515000000;600;9618341649;B
20240216;100615;60.515000000;1000;9618341650;B
20240216;100615;60.520000000;1600;9618341696;B
20240216;100615;60.520000000;1000;9618341697;B
20240216;100615;60.525000000;1000;9618341698;B
20240216;100615;60.525000000;3000;9618341699;B
20240216;100615;60.530000000;600;9618341700;B
20240216;100615;60.530000000;1000;9618341701;B
20240216;100615;60.545000000;100;9618341707;B
20240216;100615;60.535000000;100;9618341711;B
20240216;100616;60.530000000;500;9618341789;S
20240216;100616;60.535000000;100;9618341821;B
20240216;100616;60.530000000;100;9618341847;S
20240216;100616;60.530000000;200;9618341848;S
20240216;100616;60.530000000;3900;9618341849;S
20240216;100616;60.530000000;100;9618341850;S
20240216;100616;60.530000000;100;9618341851;S
20240216;100616;60.530000000;1000;9618341853;S
20240216;100616;60.530000000;600;9618341854;S
20240216;100616;60.530000000;300;9618341855;S
20240216;100616;60.530000000;400;9618341856;S
20240216;100616;60.530000000;800;9618341858;S
20240216;100617;60.530000000;500;9618341883;S
20240216;100618;60.530000000;400;9618342237;S
20240216;100619;60.540000000;600;9618342250;B
20240216;100619;60.540000000;3000;9618342251;B
20240216;100619;60.540000000;100;9618342252;B
20240216;100619;60.545000000;1200;9618342253;B
20240216;100619;60.550000000;2000;9618342254;B
20240216;100619;60.550000000;1300;9618342255;B
20240216;100619;60.550000000;1000;9618342256;B
20240216;100619;60.555000000;2000;9618342257;B
20240216;100619;60.555000000;500;9618342258;B
20240216;100619;60.555000000;1300;9618342259;B
20240216;100619;60.555000000;1000;9618342260;B
20240216;100619;60.560000000;100;9618342261;B
20240216;100619;60.565000000;2000;9618342262;B
20240216;100619;60.565000000;1400;9618342263;B
20240216;100619;60.570000000;2500;9618342264;B
20240216;100619;60.565000000;100;9618342289;B
20240216;100622;60.550000000;100;9618342696;S
20240216;100623;60.555000000;200;9618342752;B
20240216;100623;60.555000000;600;9618342777;B
20240216;100623;60.550000000;100;9618342853;S
20240216;100624;60.550000000;2300;9618342907;S
20240216;100624;60.545000000;600;9618342908;S
20240216;100624;60.540000000;100;9618342909;S
20240216;100624;60.540000000;1000;9618342910;S
20240216;100624;60.540000000;100;9618342911;S
20240216;100624;60.535000000;500;9618342912;S
20240216;100624;60.535000000;2100;9618342913;S
20240216;100624;60.530000000;3100;9618342914;S
20240216;100626;60.550000000;100;9618343280;B
20240216;100626;60.550000000;1000;9618343281;B
20240216;100626;60.550000000;100;9618343282;B
20240216;100626;60.550000000;500;9618343283;B
20240216;100626;60.555000000;400;9618343284;B
20240216;100626;60.555000000;1800;9618343285;B
20240216;100626;60.555000000;600;9618343286;B
20240216;100626;60.560000000;1000;9618343287;B
20240216;100626;60.560000000;2600;9618343288;B
20240216;100626;60.565000000;1900;9618343289;B
20240216;100626;60.565000000;1000;9618343290;B
20240216;100626;60.565000000;500;9618343291;B
20240216;100626;60.570000000;9200;9618343292;B
20240216;100626;60.570000000;1000;9618343293;B
20240216;100626;60.570000000;4000;9618343294;B
20240216;100626;60.570000000;1300;9618343295;B
20240216;100626;60.575000000;2000;9618343296;B
20240216;100626;60.575000000;2000;9618343297;B
20240216;100626;60.575000000;1000;9618343298;B
20240216;100626;60.575000000;1300;9618343299;B
20240216;100626;60.580000000;1000;9618343300;B
20240216;100626;60.580000000;200;9618343301;B
20240216;100626;60.580000000;800;9618343302;B
20240216;100626;60.580000000;4100;9618343303;B
20240216;100626;60.580000000;1300;9618343304;B
20240216;100626;60.585000000;500;9618343305;B
20240216;100626;60.585000000;2000;9618343306;B
20240216;100626;60.585000000;2000;9618343307;B
20240216;100626;60.590000000;1900;9618343308;B
20240216;100626;60.590000000;200;9618343309;B
20240216;100626;60.590000000;100;9618343310;B
20240216;100626;60.590000000;100;9618343311;B
20240216;100626;60.590000000;1000;9618343312;B
20240216;100626;60.590000000;25000;9618343313;B
20240216;100626;60.595000000;100;9618343314;B
20240216;100626;60.595000000;100;9618343315;B
20240216;100626;60.595000000;2000;9618343316;B
20240216;100626;60.595000000;25000;9618343317;B
20240216;100626;60.595000000;400;9618343318;B
20240216;100626;60.600000000;1000;9618343319;B
20240216;100626;60.600000000;100;9618343320;B
20240216;100626;60.600000000;100;9618343321;B
20240216;100626;60.600000000;1000;9618343322;B
20240216;100626;60.600000000;900;9618343323;B
20240216;100626;60.600000000;1000;9618343324;B
20240216;100626;60.600000000;70000;9618343325;B
20240216;100626;60.600000000;400;9618343326;B
20240216;100626;60.600000000;100;9618343327;B
20240216;100626;60.600000000;100;9618343328;B
20240216;100626;60.600000000;100;9618343329;B
20240216;100626;60.600000000;100;9618343330;B
20240216;100626;60.600000000;400;9618343331;B
20240216;100626;60.600000000;1000;9618343332;B
20240216;100626;60.600000000;100;9618343333;B
20240216;100626;60.600000000;100;9618343334;B
20240216;100626;60.600000000;100;9618343335;B
20240216;100626;60.600000000;100;9618343336;B
20240216;100626;60.600000000;22200;9618343337;B
20240216;100627;60.595000000;6000;9618343366;B
20240216;100627;60.595000000;4000;9618343367;B
20240216;100627;60.595000000;1000;9618343368;B
20240216;100627;60.595000000;500;9618343369;B
20240216;100627;60.595000000;100;9618343370;B
20240216;100627;60.600000000;27800;9618343371;B
20240216;100627;60.600000000;100;9618343372;B
20240216;100627;60.600000000;4900;9618343373;B
20240216;100627;60.600000000;100;9618343374;B
20240216;100627;60.600000000;100;9618343375;B
20240216;100627;60.600000000;200;9618343376;B
20240216;100627;60.600000000;200;9618343377;B
20240216;100627;60.600000000;100;9618343378;B
20240216;100627;60.600000000;2000;9618343379;B
20240216;100627;60.600000000;600;9618343380;B
20240216;100627;60.605000000;500;9618343381;B
20240216;100627;60.605000000;1000;9618343382;B
20240216;100627;60.610000000;100;9618343383;B
20240216;100627;60.610000000;1300;9618343384;B
20240216;100627;60.615000000;2000;9618343385;B
20240216;100627;60.615000000;1300;9618343386;B
20240216;100627;60.615000000;4100;9618343387;B
20240216;100627;60.620000000;100;9618343388;B
20240216;100627;60.620000000;100;9618343389;B
20240216;100627;60.620000000;1300;9618343390;B
20240216;100627;60.625000000;500;9618343391;B
20240216;100627;60.620000000;900;9618343407;B
20240216;100627;60.620000000;1000;9618343408;B
20240216;100627;60.625000000;600;9618343409;B
20240216;100627;60.625000000;1000;9618343410;B
20240216;100627;60.625000000;2000;9618343411;B
20240216;100627;60.630000000;600;9618343412;B
20240216;100627;60.630000000;1000;9618343413;B
20240216;100627;60.635000000;100;9618343414;B
20240216;100627;60.635000000;2000;9618343415;B
20240216;100627;60.635000000;4100;9618343416;B
20240216;100627;60.640000000;1600;9618343417;B
20240216;100627;60.640000000;400;9618343418;B
20240216;100627;60.640000000;4000;9618343419;B
20240216;100627;60.640000000;500;9618343420;B
20240216;100627;60.645000000;500;9618343421;B
20240216;100627;60.645000000;1000;9618343422;B
20240216;100627;60.645000000;400;9618343423;B
20240216;100627;60.645000000;500;9618343424;B
20240216;100627;60.645000000;2000;9618343425;B
20240216;100627;60.645000000;15000;9618343426;B
20240216;100627;60.645000000;400;9618343427;B
20240216;100627;60.650000000;10400;9618343428;B
20240216;100627;60.595000000;400;9618343435;S
20240216;100627;60.605000000;500;9618343438;S
20240216;100627;60.605000000;1000;9618343439;S
20240216;100627;60.600000000;500;9618343440;S
20240216;100627;60.605000000;200;9618343441;S
20240216;100627;60.605000000;300;9618343449;S
20240216;100627;60.605000000;700;9618343450;S
20240216;100627;60.605000000;100;9618343463;S
20240216;100627;60.640000000;1200;9618343487;B
20240216;100627;60.640000000;1000;9618343488;B
20240216;100627;60.640000000;400;9618343489;B
20240216;100627;60.645000000;4100;9618343490;B
20240216;100627;60.645000000;1000;9618343491;B
20240216;100627;60.645000000;600;9618343492;B
20240216;100627;60.650000000;1700;9618343493;B
20240216;100627;60.610000000;100;9618343499;S
20240216;100627;60.610000000;700;9618343500;S
20240216;100627;60.620000000;1000;9618343504;B
20240216;100627;60.620000000;1000;9618343517;B
20240216;100627;60.620000000;400;9618343541;B
20240216;100627;60.610000000;300;9618343546;S
20240216;100627;60.605000000;200;9618343547;S
20240216;100627;60.600000000;1000;9618343551;S
20240216;100627;60.595000000;2300;9618343552;S
20240216;100627;60.595000000;100;9618343556;S
20240216;100627;60.595000000;100;9618343558;S
20240216;100627;60.595000000;100;9618343559;S
20240216;100627;60.595000000;1000;9618343560;S
20240216;100627;60.590000000;1000;9618343561;S
20240216;100627;60.590000000;1300;9618343562;S
20240216;100627;60.590000000;600;9618343563;S
20240216;100627;60.585000000;1300;9618343564;S
20240216;100627;60.585000000;1000;9618343565;S
20240216;100628;60.585000000;100;9618343629;B
20240216;100628;60.570000000;100;9618343635;S
20240216;100629;60.570000000;100;9618343723;S
20240216;100629;60.585000000;17700;9618343738;B
20240216;100629;60.585000000;5000;9618343787;B
20240216;100629;60.585000000;100;9618343793;B
20240216;100629;60.585000000;600;9618343820;B
20240216;100630;60.585000000;10000;9618343964;B
20240216;100631;60.570000000;1100;9618344138;S
20240216;100631;60.565000000;1300;9618344139;S
20240216;100631;60.565000000;100;9618344140;S
20240216;100631;60.585000000;45200;9618344255;B
20240216;100631;60.585000000;500;9618344256;B
20240216;100631;60.590000000;600;9618344257;B
20240216;100631;60.595000000;300;9618344258;B
20240216;100631;60.595000000;1300;9618344259;B
20240216;100631;60.600000000;100;9618344260;B
20240216;100631;60.600000000;100;9618344261;B
20240216;100631;60.600000000;1300;9618344262;B
20240216;100631;60.605000000;600;9618344263;B
20240216;100633;60.605000000;1000;9618344694;B
20240216;100633;60.605000000;700;9618344695;B
20240216;100633;60.610000000;1300;9618344696;B
20240216;100634;60.615000000;200;9618344730;B
20240216;100634;60.615000000;1300;9618344731;B
20240216;100634;60.620000000;500;9618344732;B
20240216;100634;60.620000000;400;9618344766;B
20240216;100634;60.620000000;200;9618344767;B
20240216;100634;60.610000000;10000;9618344789;S
20240216;100635;60.610000000;1500;9618344859;S
20240216;100635;60.615000000;100;9618344880;S
20240216;100635;60.615000000;200;9618344891;B
20240216;100635;60.615000000;100;9618344893;B
20240216;100635;60.610000000;7000;9618344921;S
20240216;100635;60.615000000;3200;9618344961;B
20240216;100635;60.620000000;1800;9618344962;B
20240216;100635;60.620000000;700;9618344963;B
20240216;100635;60.625000000;1300;9618344964;B
20240216;100635;60.630000000;1300;9618344965;B
20240216;100635;60.635000000;1300;9618344966;B
20240216;100635;60.635000000;1500;9618344967;B
20240216;100635;60.640000000;1300;9618344968;B
20240216;100636;60.615000000;300;9618345038;S
20240216;100636;60.635000000;800;9618345039;B
20240216;100636;60.635000000;1000;9618345040;B
20240216;100636;60.640000000;1300;9618345041;B
20240216;100636;60.640000000;2000;9618345042;B
20240216;100636;60.640000000;1000;9618345043;B
20240216;100636;60.645000000;300;9618345044;B
20240216;100636;60.645000000;5000;9618345045;B
20240216;100636;60.645000000;500;9618345046;B
20240216;100636;60.645000000;100;9618345047;B
20240216;100636;60.645000000;1000;9618345048;B
20240216;100636;60.645000000;1300;9618345049;B
20240216;100636;60.645000000;700;9618345050;B
20240216;100636;60.650000000;57900;9618345051;B
20240216;100636;60.650000000;100;9618345052;B
20240216;100636;60.650000000;600;9618345053;B
20240216;100636;60.650000000;100;9618345054;B
20240216;100636;60.650000000;40000;9618345055;B
20240216;100636;60.650000000;2000;9618345056;B
20240216;100636;60.650000000;100;9618345057;B
20240216;100636;60.650000000;200;9618345058;B
20240216;100636;60.650000000;4100;9618345059;B
20240216;100636;60.650000000;1300;9618345060;B
20240216;100636;60.655000000;28600;9618345061;B
20240216;100636;60.655000000;100;9618345087;B
20240216;100637;60.650000000;200;9618345188;B
20240216;100637;60.655000000;7800;9618345189;B
20240216;100637;60.655000000;500;9618345249;B
20240216;100638;60.655000000;200;9618345357;B
20240216;100639;60.655000000;1700;9618345437;B
20240216;100639;60.655000000;1000;9618345446;B
20240216;100639;60.655000000;2500;9618345456;B
20240216;100639;60.650000000;200;9618345471;S
20240216;100639;60.655000000;100;9618345473;B
20240216;100639;60.655000000;17000;9618345504;B
20240216;100639;60.655000000;10500;9618345529;B
20240216;100639;60.655000000;500;9618345530;B
20240216;100639;60.655000000;1000;9618345531;B
20240216;100639;60.655000000;100;9618345532;B
20240216;100639;60.660000000;100;9618345533;B
20240216;100639;60.660000000;1100;9618345534;B
20240216;100639;60.660000000;100;9618345535;B
20240216;100639;60.660000000;100;9618345536;B
20240216;100639;60.660000000;100;9618345537;B
20240216;100639;60.660000000;200;9618345538;B
20240216;100639;60.660000000;500;9618345539;B
20240216;100639;60.660000000;700;9618345540;B
20240216;100639;60.660000000;1000;9618345541;B
20240216;100639;60.665000000;500;9618345542;B
20240216;100639;60.665000000;100;9618345543;B
20240216;100639;60.670000000;200;9618345544;B
20240216;100639;60.680000000;1700;9618345545;B
20240216;100639;60.680000000;700;9618345546;B
20240216;100639;60.680000000;800;9618345547;B
20240216;100640;60.650000000;100;9618345592;S
20240216;100640;60.650000000;300;9618345593;S
20240216;100640;60.650000000;1000;9618345594;S
20240216;100640;60.650000000;500;9618345595;S
20240216;100640;60.645000000;700;9618345596;S
20240216;100640;60.645000000;1000;9618345597;S
20240216;100640;60.640000000;300;9618345598;S
20240216;100640;60.640000000;800;9618345599;S
20240216;100640;60.645000000;500;9618345647;S
20240216;100640;60.645000000;1000;9618345648;S
20240216;100640;60.640000000;100;9618345649;S
20240216;100640;60.640000000;100;9618345650;S
20240216;100640;60.635000000;200;9618345659;S
20240216;100640;60.630000000;300;9618345660;S
20240216;100640;60.630000000;100;9618345661;S
20240216;100640;60.625000000;1300;9618345778;S
20240216;100640;60.620000000;700;9618345779;S
20240216;100640;60.660000000;100;9618345791;B
20240216;100640;60.660000000;1000;9618345792;B
20240216;100640;60.660000000;100;9618345793;B
20240216;100640;60.665000000;100;9618345794;B
20240216;100640;60.665000000;1000;9618345795;B
20240216;100640;60.665000000;400;9618345796;B
20240216;100640;60.670000000;1000;9618345797;B
20240216;100640;60.670000000;900;9618345798;B
20240216;100641;60.665000000;1000;9618345834;B
20240216;100641;60.665000000;100;9618345835;B
20240216;100641;60.670000000;2400;9618345836;B
20240216;100641;60.670000000;500;9618345837;B
20240216;100641;60.625000000;500;9618345903;S
20240216;100641;60.670000000;500;9618345909;B
20240216;100641;60.670000000;100;9618345910;B
20240216;100641;60.670000000;200;9618345911;B
20240216;100641;60.670000000;500;9618345912;B
20240216;100641;60.675000000;1000;9618345913;B
20240216;100641;60.675000000;700;9618345914;B
20240216;100641;60.675000000;1000;9618345915;B
20240216;100641;60.630000000;500;9618345940;S
20240216;100641;60.625000000;6000;9618345941;S
20240216;100641;60.620000000;2500;9618345942;S
20240216;100641;60.615000000;1000;9618345943;S
20240216;100641;60.620000000;1500;9618346006;S
20240216;100641;60.620000000;1000;9618346007;S
20240216;100641;60.615000000;300;9618346036;S
20240216;100642;60.655000000;6000;9618346209;B
20240216;100642;60.655000000;100;9618346210;B
20240216;100642;60.660000000;700;9618346211;B
20240216;100642;60.665000000;1000;9618346212;B
20240216;100642;60.670000000;1000;9618346213;B
20240216;100642;60.670000000;1300;9618346214;B
20240216;100642;60.675000000;300;9618346215;B
20240216;100642;60.675000000;1000;9618346216;B
20240216;100642;60.675000000;2100;9618346217;B
20240216;100642;60.680000000;1000;9618346218;B
20240216;100642;60.680000000;2000;9618346219;B
20240216;100642;60.680000000;1100;9618346220;B
20240216;100642;60.680000000;1300;9618346221;B
20240216;100642;60.680000000;500;9618346222;B
20240216;100642;60.685000000;500;9618346223;B
20240216;100642;60.685000000;800;9618346224;B
20240216;100642;60.685000000;1000;9618346225;B
20240216;100642;60.685000000;2000;9618346226;B
20240216;100642;60.685000000;200;9618346227;B
20240216;100642;60.690000000;100;9618346228;B
20240216;100642;60.690000000;400;9618346229;B
20240216;100642;60.690000000;4100;9618346230;B
20240216;100642;60.690000000;100;9618346231;B
20240216;100642;60.695000000;100;9618346232;B
20240216;100642;60.695000000;200;9618346233;B
20240216;100642;60.695000000;100;9618346234;B
20240216;100642;60.695000000;500;9618346235;B
20240216;100642;60.695000000;1200;9618346236;B
20240216;100642;60.695000000;2000;9618346237;B
20240216;100642;60.695000000;200;9618346238;B
20240216;100642;60.695000000;400;9618346239;B
20240216;100642;60.695000000;400;9618346240;B
20240216;100642;60.695000000;2000;9618346241;B
20240216;100642;60.700000000;100;9618346242;B
20240216;100642;60.700000000;300;9618346243;B
20240216;100642;60.700000000;100;9618346244;B
20240216;100642;60.700000000;13800;9618346245;B
20240216;100642;60.625000000;100;9618346260;S
20240216;100642;60.625000000;200;9618346268;S
20240216;100642;60.625000000;800;9618346276;S
20240216;100642;60.620000000;1300;9618346277;S
20240216;100642;60.620000000;500;9618346278;S
20240216;100642;60.620000000;700;9618346279;S
20240216;100642;60.620000000;100;9618346290;S
20240216;100643;60.650000000;500;9618346316;B
20240216;100643;60.685000000;100;9618346326;B
20240216;100643;60.655000000;100;9618346357;B
20240216;100643;60.680000000;1000;9618346358;B
20240216;100643;60.685000000;1200;9618346359;B
20240216;100643;60.685000000;1700;9618346360;B
20240216;100643;60.645000000;100;9618346366;S
20240216;100643;60.685000000;1300;9618346513;B
20240216;100643;60.685000000;500;9618346514;B
20240216;100643;60.690000000;1300;9618346515;B
20240216;100643;60.690000000;700;9618346516;B
20240216;100643;60.690000000;200;9618346517;B
20240216;100644;60.685000000;300;9618346558;B
20240216;100644;60.685000000;300;9618346559;B
20240216;100644;60.690000000;1600;9618346560;B
20240216;100645;60.660000000;800;9618346702;S
20240216;100645;60.655000000;200;9618346703;S
20240216;100645;60.655000000;200;9618346704;S
20240216;100645;60.655000000;700;9618346705;S
20240216;100645;60.650000000;500;9618346706;S
20240216;100645;60.650000000;2700;9618346707;S
20240216;100645;60.645000000;4900;9618346708;S
20240216;100645;60.675000000;800;9618346865;B
20240216;100645;60.675000000;200;9618346878;B
20240216;100645;60.675000000;500;9618346879;B
20240216;100645;60.680000000;300;9618346880;B
20240216;100645;60.680000000;300;9618346881;B
20240216;100645;60.685000000;100;9618346882;B
20240216;100645;60.685000000;700;9618346883;B
20240216;100645;60.690000000;4700;9618346884;B
20240216;100645;60.690000000;400;9618346885;B
20240216;100645;60.695000000;1300;9618346886;B
20240216;100645;60.695000000;500;9618346887;B
20240216;100645;60.695000000;5000;9618346888;B
20240216;100645;60.700000000;36000;9618346889;B
20240216;100646;60.695000000;500;9618347016;B
20240216;100646;60.695000000;1500;9618347017;B
20240216;100646;60.700000000;20200;9618347018;B
20240216;100646;60.700000000;5000;9618347019;B
20240216;100646;60.700000000;100;9618347020;B
20240216;100646;60.700000000;100;9618347021;B
20240216;100646;60.700000000;100;9618347022;B
20240216;100646;60.700000000;100;9618347023;B
20240216;100646;60.700000000;100000;9618347024;B
20240216;100646;60.700000000;1900;9618347025;B
20240216;100646;60.700000000;100;9618347026;B
20240216;100646;60.700000000;3000;9618347027;B
20240216;100646;60.700000000;100;9618347028;B
20240216;100646;60.700000000;100;9618347029;B
20240216;100646;60.700000000;25000;9618347030;B
20240216;100646;60.700000000;900;9618347031;B
20240216;100646;60.700000000;100;9618347032;B
20240216;100646;60.700000000;500;9618347033;B
20240216;100646;60.700000000;8900;9618347034;B
20240216;100646;60.700000000;200;9618347035;B
20240216;100646;60.700000000;1000;9618347036;B
20240216;100646;60.700000000;100;9618347037;B
20240216;100646;60.700000000;100;9618347038;B
20240216;100646;60.700000000;100;9618347039;B
20240216;100646;60.700000000;2400;9618347040;B
20240216;100646;60.700000000;700;9618347041;B
20240216;100646;60.705000000;500;9618347042;B
20240216;100646;60.705000000;100;9618347043;B
20240216;100646;60.705000000;100;9618347044;B
20240216;100646;60.715000000;100;9618347045;B
20240216;100646;60.715000000;1300;9618347046;B
20240216;100646;60.715000000;4100;9618347047;B
20240216;100646;60.720000000;1300;9618347048;B
20240216;100646;60.725000000;200;9618347049;B
20240216;100646;60.725000000;500;9618347050;B
20240216;100646;60.725000000;2000;9618347051;B
20240216;100646;60.725000000;1300;9618347052;B
20240216;100646;60.725000000;10000;9618347055;S
20240216;100646;60.725000000;200;9618347090;S
20240216;100646;60.725000000;5500;9618347240;S
20240216;100646;60.725000000;500;9618347241;S
20240216;100646;60.715000000;700;9618347242;S
20240216;100646;60.705000000;500;9618347243;S
20240216;100646;60.700000000;1300;9618347244;S
20240216;100646;60.695000000;1300;9618347245;S
20240216;100646;60.690000000;200;9618347246;S
20240216;100646;60.730000000;100;9618347293;B
20240216;100646;60.720000000;800;9618347351;B
20240216;100647;60.720000000;100;9618347379;B
20240216;100647;60.715000000;200;9618347449;S
20240216;100647;60.720000000;800;9618347460;B
20240216;100647;60.720000000;100;9618347475;B
20240216;100647;60.720000000;800;9618347476;B
20240216;100647;60.710000000;1000;9618347488;S
20240216;100647;60.710000000;200;9618347560;S
20240216;100648;60.715000000;100;9618347682;S
20240216;100649;60.720000000;100;9618347776;B
20240216;100649;60.715000000;1000;9618347778;S
20240216;100649;60.715000000;2000;9618347779;S
20240216;100650;60.715000000;1000;9618347824;S
20240216;100650;60.720000000;600;9618347880;B
20240216;100650;60.720000000;600;9618347881;B
20240216;100650;60.720000000;10000;9618347882;B
20240216;100650;60.720000000;700;9618347883;B
20240216;100650;60.720000000;200;9618347884;B
20240216;100650;60.720000000;2000;9618347885;B
20240216;100650;60.715000000;100;9618347938;S
20240216;100651;60.715000000;100;9618347998;S
20240216;100651;60.720000000;5000;9618348032;B
20240216;100651;60.720000000;500;9618348048;B
20240216;100652;60.715000000;400;9618348083;S
20240216;100652;60.715000000;100;9618348084;S
20240216;100653;60.720000000;2500;9618348209;B
20240216;100653;60.725000000;300;9618348210;B
20240216;100653;60.725000000;700;9618348211;B
20240216;100653;60.730000000;2000;9618348212;B
20240216;100653;60.735000000;500;9618348213;B
20240216;100653;60.735000000;100;9618348214;B
20240216;100653;60.740000000;200;9618348215;B
20240216;100653;60.740000000;2000;9618348216;B
20240216;100653;60.745000000;500;9618348217;B
20240216;100653;60.745000000;500;9618348218;B
20240216;100653;60.745000000;700;9618348219;B
20240216;100653;60.750000000;100;9618348220;B
20240216;100653;60.750000000;100;9618348221;B
20240216;100653;60.750000000;1000;9618348222;B
20240216;100653;60.750000000;2000;9618348223;B
20240216;100653;60.750000000;36800;9618348224;B
20240216;100653;60.720000000;100;9618348226;B
20240216;100653;60.720000000;700;9618348241;S
20240216;100653;60.720000000;1000;9618348242;S
20240216;100653;60.715000000;500;9618348243;S
20240216;100653;60.715000000;1000;9618348244;S
20240216;100653;60.710000000;100;9618348245;S
20240216;100653;60.710000000;800;9618348246;S
20240216;100653;60.710000000;1000;9618348247;S
20240216;100653;60.705000000;1900;9618348248;S
20240216;100653;60.710000000;100;9618348328;S
20240216;100654;60.730000000;2000;9618348329;B
20240216;100654;60.730000000;2000;9618348330;B
20240216;100654;60.735000000;700;9618348331;B
20240216;100654;60.745000000;300;9618348332;B
20240216;100654;60.745000000;200;9618348333;B
20240216;100654;60.745000000;400;9618348334;B
20240216;100654;60.750000000;9000;9618348335;B
20240216;100654;60.750000000;2500;9618348336;B
20240216;100654;60.750000000;100;9618348337;B
20240216;100654;60.750000000;100;9618348338;B
20240216;100654;60.750000000;500;9618348339;B
20240216;100654;60.760000000;2200;9618348340;B
20240216;100654;60.730000000;100;9618348343;S
20240216;100654;60.735000000;100;9618348376;B
20240216;100655;60.735000000;100;9618348468;B
20240216;100655;60.745000000;500;9618348469;B
20240216;100656;60.735000000;1000;9618348596;B
20240216;100656;60.740000000;700;9618348597;B
20240216;100656;60.745000000;300;9618348598;B
20240216;100656;60.745000000;100;9618348679;B
20240216;100657;60.745000000;100;9618348710;B
20240216;100657;60.745000000;100;9618348711;B
20240216;100657;60.745000000;1900;9618348719;B
20240216;100657;60.745000000;200;9618348720;B
20240216;100657;60.745000000;2000;9618348721;B
20240216;100657;60.745000000;900;9618348722;B
20240216;100657;60.745000000;100;9618348745;B
20240216;100657;60.730000000;100;9618348748;S
20240216;100658;60.730000000;300;9618348816;S
20240216;100658;60.730000000;1600;9618348817;S
20240216;100658;60.730000000;1000;9618348818;S
20240216;100658;60.730000000;5200;9618348853;B
20240216;100658;60.730000000;200;9618348858;B
20240216;100658;60.735000000;500;9618348859;B
20240216;100658;60.735000000;100;9618348860;B
20240216;100658;60.735000000;400;9618348861;B
20240216;100658;60.735000000;600;9618348862;B
20240216;100658;60.725000000;100;9618348873;S
